coin,side,time,px,sz,hash,trade_dir_override,side_info
SOL,A,2025-04-11T02:59:59.991721263,114.31,7.82,0xf8e83365704344c7962004214ff6cf018300a0a1c77b9555cbf8f7e6bcae5e23,Na,"[{'user': '0xecb63caa47c7c4e77f60f1ce858cf28dc2b82b00', 'start_pos': '-30955.03', 'oid': 85737377300, 'twap_id': None, 'cloid': '0x5120914df79224dd121cf89ceb42cca8'}, {'user': '0x4533162d81f67ac1b985907cf3024f0e6772b9a1', 'start_pos': '69.7', 'oid': 85737382858, 'twap_id': None, 'cloid': None}]"
FARTCOIN,B,2025-04-11T03:00:00.013096245,0.85781,13.9,0x0000000000000000000000000000000000000000000000000000000000000000,Na,"[{'user': '0x656c8da58d738295e03550796dd83900aa7c6525', 'start_pos': '864921.0', 'oid': 85737382862, 'twap_id': 609386, 'cloid': None}, {'user': '0x744cf47e88d9d0847544f0ac2fa7575cf5925f79', 'start_pos': '335.0', 'oid': 85737381340, 'twap_id': None, 'cloid': '0xfffffffffffffffffffffffffae315f8'}]"
FARTCOIN,B,2025-04-11T03:00:00.013096245,0.85806,18.3,0x0000000000000000000000000000000000000000000000000000000000000000,Na,"[{'user': '0x656c8da58d738295e03550796dd83900aa7c6525', 'start_pos': '864934.9', 'oid': 85737382862, 'twap_id': 609386, 'cloid': None}, {'user': '0x0b891f9dbd3b164fab14a36f85542a6f43340441', 'start_pos': '6998.9', 'oid': 85737382259, 'twap_id': None, 'cloid': '0x0017030770d200271ac762c4c3b60000'}]"
BTC,B,2025-04-11T03:00:00.013096245,80302.0,0.00068,0x0000000000000000000000000000000000000000000000000000000000000000,Na,"[{'user': '0x993c9b2d9573171f01486032f50e87229e677159', 'start_pos': '0.07085', 'oid': 85737382863, 'twap_id': 609655, 'cloid': None}, {'user': '0xaca2d79168f9e9072c089e5f7d6eb0daefc13915', 'start_pos': '0.49506', 'oid': 85737380626, 'twap_id': None, 'cloid': '0x00000000000bad610000227016b01c7a'}]"
WIF,B,2025-04-11T03:00:00.092735088,0.37438,144.0,0xd465e9b568fe0d4f546a04214ff6d101f400ba56e7b22a7e30c6b2d4819f2f38,Na,"[{'user': '0x9cdfd6cd017b5d4b4b1fd9fc91776834d44fb262', 'start_pos': '3272.0', 'oid': 85737382996, 'twap_id': None, 'cloid': None}, {'user': '0x31ca8395cf837de08b24da3f660e77761dfb974b', 'start_pos': '-8310.0', 'oid': 85737373801, 'twap_id': None, 'cloid': None}]"
POPCAT,B,2025-04-11T03:00:00.092735088,0.19616,127.0,0x2cdab05617de0350a25104214ff6d101f6009b812b840ff16109a2b5b2a86377,Na,"[{'user': '0x2025137a136bea7446deba681cbfc7cf1970840e', 'start_pos': '-70958.0', 'oid': 85737382998, 'twap_id': None, 'cloid': '0xadd9d812305227446002900000000000'}, {'user': '0xb8af60ce7a7ed47be31913e73856b50bcdbbd358', 'start_pos': '-7247.0', 'oid': 85737382933, 'twap_id': None, 'cloid': '0x00000000000000001834d1a5f3849d58'}]"
POPCAT,B,2025-04-11T03:00:00.092735088,0.1962,10263.0,0x2cdab05617de0350a25104214ff6d101f6009b812b840ff16109a2b5b2a86377,Na,"[{'user': '0x2025137a136bea7446deba681cbfc7cf1970840e', 'start_pos': '-70831.0', 'oid': 85737382998, 'twap_id': None, 'cloid': '0xadd9d812305227446002900000000000'}, {'user': '0xc31ae9521bea6fc46992dc1179ee0aabd025e39d', 'start_pos': '-179693.0', 'oid': 85737382812, 'twap_id': None, 'cloid': '0x90d0a765dfb013d1f5dd493d93180821'}]"
POPCAT,B,2025-04-11T03:00:00.092735088,0.19624,920.0,0x2cdab05617de0350a25104214ff6d101f6009b812b840ff16109a2b5b2a86377,Na,"[{'user': '0x2025137a136bea7446deba681cbfc7cf1970840e', 'start_pos': '-60568.0', 'oid': 85737382998, 'twap_id': None, 'cloid': '0xadd9d812305227446002900000000000'}, {'user': '0x31ca8395cf837de08b24da3f660e77761dfb974b', 'start_pos': '-263676.0', 'oid': 85737382882, 'twap_id': None, 'cloid': None}]"
ETH,B,2025-04-11T03:00:00.092735088,1533.6,1.8682,0x5f58ead2e053c1a62b3804214ff6d101fa008d7600449be82c661ac3116def3b,Na,"[{'user': '0x493364de7f4a39ed24f9c68ece229973f324d369', 'start_pos': '130.8183', 'oid': 85737383002, 'twap_id': None, 'cloid': None}, {'user': '0x744cf47e88d9d0847544f0ac2fa7575cf5925f79', 'start_pos': '20.7436', 'oid': 85737378912, 'twap_id': None, 'cloid': '0xffffffffffffffffffffffdc4b081c00'}]"
ETH,B,2025-04-11T03:00:00.092735088,1533.6,0.1141,0x5f58ead2e053c1a62b3804214ff6d101fa008d7600449be82c661ac3116def3b,Na,"[{'user': '0x493364de7f4a39ed24f9c68ece229973f324d369', 'start_pos': '132.6865', 'oid': 85737383002, 'twap_id': None, 'cloid': None}, {'user': '0xa2c90cce08c964cdf7de95c162b7984f49e87517', 'start_pos': '0.1959', 'oid': 85737382738, 'twap_id': None, 'cloid': '0x006700a2191a004203792fc65fd40000'}]"
ETH,B,2025-04-11T03:00:00.092735088,1533.6,9.0177,0x5f58ead2e053c1a62b3804214ff6d101fa008d7600449be82c661ac3116def3b,Na,"[{'user': '0x493364de7f4a39ed24f9c68ece229973f324d369', 'start_pos': '132.8006', 'oid': 85737383002, 'twap_id': None, 'cloid': None}, {'user': '0xf6fb1452dffd2535ad6b506bb9d763864e048fb0', 'start_pos': '23.4245', 'oid': 85737382803, 'twap_id': None, 'cloid': '0xffffffffffffffffffffffdc4b081c00'}]"
IO,B,2025-04-11T03:00:00.194515712,0.59855,25.2,0x1c1065e65cb33c122d3a04214ff6d201fa004462e6a123eed155e67821703527,Na,"[{'user': '0x010461c14e146ac35fe42271bdc1134ee31c703a', 'start_pos': '86806.4', 'oid': 85737383260, 'twap_id': None, 'cloid': None}, {'user': '0x7717a7a245d9f950e586822b8c9b46863ed7bd7e', 'start_pos': '-25732.1', 'oid': 85737371906, 'twap_id': None, 'cloid': '0xecf9ebdca7973f698784dc4a0be1dd9e'}]"
@107,A,2025-04-11T03:00:00.194515712,14.735,6.11,0x978329cd5586ced6886204214ff6d201fd006a8299136ed1f0c72536e599c84b,Na,"[{'user': '0x162cc7c861ebd0c06b3d72319201150482518185', 'start_pos': '66895.93916565', 'oid': 85737381357, 'twap_id': None, 'cloid': '0x000000000000000033d1d30ab5bf111b'}, {'user': '0xd487e26c62ed8c28ce3cc70b5791e501c2934982', 'start_pos': '113011.80526228', 'oid': 85737383262, 'twap_id': None, 'cloid': '0x4b485fe2db04a7be3586d88f527e21ba'}]"
FARTCOIN,A,2025-04-11T03:00:00.292638431,0.8578,863.7,0x35189cc8c80e01b8df7f04214ff6d4020120003947a62da3aacc9a0c598e104e,Na,"[{'user': '0xaf9f722a676230cc44045efe26fe9a85801ca4fa', 'start_pos': '-184487.9', 'oid': 85737366981, 'twap_id': None, 'cloid': '0x00000000000006140086843950401224'}, {'user': '0x2d06822c64186e20ddf05298749f004ae0111220', 'start_pos': '0.0', 'oid': 85737384222, 'twap_id': None, 'cloid': None}]"
POPCAT,A,2025-04-11T03:00:00.496156981,0.19624,584.0,0xa8d09a56b230a3bc8be504214ff6d7020111003cfc2a49742af1475397c65e71,Na,"[{'user': '0x2025137a136bea7446deba681cbfc7cf1970840e', 'start_pos': '-59648.0', 'oid': 85737382998, 'twap_id': None, 'cloid': '0xadd9d812305227446002900000000000'}, {'user': '0x585a06f75cd9d48d39552ba80096c68c51b69d6d', 'start_pos': '463217.0', 'oid': 85737385166, 'twap_id': None, 'cloid': '0x0000000000000000db1f793518245bba'}]"
POPCAT,A,2025-04-11T03:00:00.549934399,0.19624,140.0,0xb5da4374c39960b8d31604214ff6d802014f009d418fa73057e47e1d05a22e67,Na,"[{'user': '0x2025137a136bea7446deba681cbfc7cf1970840e', 'start_pos': '-59064.0', 'oid': 85737382998, 'twap_id': None, 'cloid': '0xadd9d812305227446002900000000000'}, {'user': '0x4499d449f7703b5af8a9ee963e60f7de2c9c088d', 'start_pos': '36366.0', 'oid': 85737385395, 'twap_id': None, 'cloid': '0x00000000000000001744340399064167'}]"
SOL,B,2025-04-11T03:00:00.969788104,114.32,37.04,0x4c8565564e49e5920f8b04214ff6dd02012b004bf4d01f4e8e29d6f5112d43eb,Na,"[{'user': '0x010461c14e146ac35fe42271bdc1134ee31c703a', 'start_pos': '35.59', 'oid': 85737385797, 'twap_id': None, 'cloid': None}, {'user': '0xaca2d79168f9e9072c089e5f7d6eb0daefc13915', 'start_pos': '50.0', 'oid': 85737377029, 'twap_id': None, 'cloid': '0x000000000000b5e8000024c5a7b81c65'}]"
BTC,B,2025-04-11T03:00:01.032072842,80301.0,0.00042,0x0000000000000000000000000000000000000000000000000000000000000000,Na,"[{'user': '0xd58f5434c7317e052b70bb6bcbf50b8f3c2a5efd', 'start_pos': '1.03044', 'oid': 85737385799, 'twap_id': 609361, 'cloid': None}, {'user': '0xf58b673c1633ccef0ac58263cdc95ed80f817fc7', 'start_pos': '-104.05884', 'oid': 85737384955, 'twap_id': None, 'cloid': '0x6e91585176f04b27b8c71298a6a2f115'}]"
BTC,B,2025-04-11T03:00:01.032072842,80301.0,0.00014,0x0000000000000000000000000000000000000000000000000000000000000000,Na,"[{'user': '0x8ce89525a0aafa2ac68cb120003fe4e3a053aff7', 'start_pos': '0.10616', 'oid': 85737385800, 'twap_id': 609166, 'cloid': None}, {'user': '0xf58b673c1633ccef0ac58263cdc95ed80f817fc7', 'start_pos': '-104.05926', 'oid': 85737384955, 'twap_id': None, 'cloid': '0x6e91585176f04b27b8c71298a6a2f115'}]"
HYPE,B,2025-04-11T03:00:01.032072842,14.728,4.37,0x0000000000000000000000000000000000000000000000000000000000000000,Na,"[{'user': '0xab3af5d23adb7b844f75eaa228af8bef5c17d679', 'start_pos': '-1860.48', 'oid': 85737385801, 'twap_id': 609258, 'cloid': None}, {'user': '0xf8608569321b00f239ac056616a5de6ff3d8ff3f', 'start_pos': '7.85', 'oid': 85737382203, 'twap_id': None, 'cloid': '0xaaaaaaaaaaaaaaaa1744340399046425'}]"
BTC,B,2025-04-11T03:00:01.032072842,80301.0,0.00014,0x0000000000000000000000000000000000000000000000000000000000000000,Na,"[{'user': '0x140fc304c4bd331b00be2db6587ea517b65e5bfd', 'start_pos': '0.19062', 'oid': 85737385802, 'twap_id': 608377, 'cloid': None}, {'user': '0xf58b673c1633ccef0ac58263cdc95ed80f817fc7', 'start_pos': '-104.0594', 'oid': 85737384955, 'twap_id': None, 'cloid': '0x6e91585176f04b27b8c71298a6a2f115'}]"
@151,B,2025-04-11T03:00:01.032072842,1533.7,0.0253,0x0000000000000000000000000000000000000000000000000000000000000000,Na,"[{'user': '0xefd3ab65915e35105caa462442c9ecc1346728df', 'start_pos': '41.763630736', 'oid': 85737385803, 'twap_id': 609540, 'cloid': None}, {'user': '0xe47cde8b59f8cac90defab9f9676dce27a580d0f', 'start_pos': '3.112422617', 'oid': 85737379879, 'twap_id': None, 'cloid': '0x63b9db363c15df4e32cc315fc03468e0'}]"
@107,B,2025-04-11T03:00:01.032072842,14.741,2.07,0x0000000000000000000000000000000000000000000000000000000000000000,Na,"[{'user': '0x202db88213dec0f8994284f2d85e41e3ff479219', 'start_pos': '1454.05090533', 'oid': 85737385804, 'twap_id': 609689, 'cloid': None}, {'user': '0xd487e26c62ed8c28ce3cc70b5791e501c2934982', 'start_pos': '113005.69526228', 'oid': 85737370705, 'twap_id': None, 'cloid': '0x2ce78e03e664c7eeff3cdec83fe79c6b'}]"
@107,B,2025-04-11T03:00:01.032072842,14.744,12.5,0x0000000000000000000000000000000000000000000000000000000000000000,Na,"[{'user': '0x202db88213dec0f8994284f2d85e41e3ff479219', 'start_pos': '1456.12018089', 'oid': 85737385804, 'twap_id': 609689, 'cloid': None}, {'user': '0xdcac85ecae7148886029c20e661d848a4de99ce2', 'start_pos': '44882.10882079', 'oid': 85737374640, 'twap_id': None, 'cloid': None}]"
@107,B,2025-04-11T03:00:01.032072842,14.744,76.34,0x0000000000000000000000000000000000000000000000000000000000000000,Na,"[{'user': '0x202db88213dec0f8994284f2d85e41e3ff479219', 'start_pos': '1468.61580589', 'oid': 85737385804, 'twap_id': 609689, 'cloid': None}, {'user': '0x162cc7c861ebd0c06b3d72319201150482518185', 'start_pos': '66902.04916565', 'oid': 85737381140, 'twap_id': None, 'cloid': '0x000000000000000033d1d30ab5bf1069'}]"
NEO,B,2025-04-11T03:00:01.032072842,5.2845,231.93,0x29cc15a9fcd8f3e3e80204214ff6de0145003e12e7530098bc3c2ff846d9dcfb,Na,"[{'user': '0x31ca8395cf837de08b24da3f660e77761dfb974b', 'start_pos': '17971.19', 'oid': 85737385830, 'twap_id': None, 'cloid': None}, {'user': '0x23b34ebc43b78df9f15fd7409763e16470d907ea', 'start_pos': '-18.6', 'oid': 85737383024, 'twap_id': None, 'cloid': '0x005b093737a000570012089c6b470000'}]"
SOL,B,2025-04-11T03:00:01.032072842,114.32,12.96,0x7c2ca3709bbadac1d73304214ff6de014600090a105790527a8cdcb86a8d074b,Na,"[{'user': '0x31ca8395cf837de08b24da3f660e77761dfb974b', 'start_pos': '-146.73', 'oid': 85737385831, 'twap_id': None, 'cloid': None}, {'user': '0xaca2d79168f9e9072c089e5f7d6eb0daefc13915', 'start_pos': '12.96', 'oid': 85737377029, 'twap_id': None, 'cloid': '0x000000000000b5e8000024c5a7b81c65'}]"
SOL,B,2025-04-11T03:00:01.032072842,114.32,24.08,0x7c2ca3709bbadac1d73304214ff6de014600090a105790527a8cdcb86a8d074b,Na,"[{'user': '0x31ca8395cf837de08b24da3f660e77761dfb974b', 'start_pos': '-133.77', 'oid': 85737385831, 'twap_id': None, 'cloid': None}, {'user': '0x0b83bc39c98335a4ac56999c4ee89053cdb0508a', 'start_pos': '48.92', 'oid': 85737377121, 'twap_id': None, 'cloid': '0x000000000000a7f10000091c6c4e1c25'}]"
IOTA,B,2025-04-11T03:00:01.032072842,0.15917,1165.0,0xbe603e93214a8bfe043204214ff6de014701017a7584089c283d112c3bbb9906,Na,"[{'user': '0x31ca8395cf837de08b24da3f660e77761dfb974b', 'start_pos': '-373064.0', 'oid': 85737385834, 'twap_id': None, 'cloid': None}, {'user': '0x03b9a189e2480d1e4c3007080b29f362282130fa', 'start_pos': '1165.0', 'oid': 85737385500, 'twap_id': None, 'cloid': '0x835cf129d15564e3e97d0ab28803bca8'}]"
VINE,B,2025-04-11T03:00:01.032072842,0.040715,2456.0,0xb3c0f69c5f1fdc971c9804214ff6de014800e41c9f17c1f649c890fa7a5a2596,Na,"[{'user': '0x31ca8395cf837de08b24da3f660e77761dfb974b', 'start_pos': '-903733.0', 'oid': 85737385837, 'twap_id': None, 'cloid': None}, {'user': '0x744cf47e88d9d0847544f0ac2fa7575cf5925f79', 'start_pos': '0.0', 'oid': 85737385822, 'twap_id': None, 'cloid': '0xffffffffffffffffffffffffffc1dfb4'}]"
NEO,B,2025-04-11T03:00:01.208464610,5.2845,231.93,0x227c72e3ff5b78fe4c1804214ff6e0019e00435375ba5fc9986dc97ac33f2fa5,Na,"[{'user': '0x010461c14e146ac35fe42271bdc1134ee31c703a', 'start_pos': '-19344.34', 'oid': 85737385936, 'twap_id': None, 'cloid': None}, {'user': '0x23b34ebc43b78df9f15fd7409763e16470d907ea', 'start_pos': '-250.53', 'oid': 85737383024, 'twap_id': None, 'cloid': '0x005b093737a000570012089c6b470000'}]"
HYPE,A,2025-04-11T03:00:02.000402922,14.722,1459.8,0x0000000000000000000000000000000000000000000000000000000000000000,Na,"[{'user': '0xbe2bfb443511e36cb86feccf47fa1acf3f371f43', 'start_pos': '-1459.81', 'oid': 85737360981, 'twap_id': None, 'cloid': None}, {'user': '0xc17074ae6ea19340fdd5ddb70fa50e2c9b8e22a6', 'start_pos': '8904.79', 'oid': 85737385951, 'twap_id': 609681, 'cloid': None}]"
HYPE,A,2025-04-11T03:00:02.000402922,14.722,6.79,0x0000000000000000000000000000000000000000000000000000000000000000,Na,"[{'user': '0x744cf47e88d9d0847544f0ac2fa7575cf5925f79', 'start_pos': '0.0', 'oid': 85737382906, 'twap_id': None, 'cloid': '0x00000000000000000000000057bffd40'}, {'user': '0xc17074ae6ea19340fdd5ddb70fa50e2c9b8e22a6', 'start_pos': '7444.99', 'oid': 85737385951, 'twap_id': 609681, 'cloid': None}]"
HYPE,A,2025-04-11T03:00:02.000402922,14.722,13.57,0x0000000000000000000000000000000000000000000000000000000000000000,Na,"[{'user': '0xf6fb1452dffd2535ad6b506bb9d763864e048fb0', 'start_pos': '-6.78', 'oid': 85737383014, 'twap_id': None, 'cloid': '0x00000000000000000000000057bffd40'}, {'user': '0xc17074ae6ea19340fdd5ddb70fa50e2c9b8e22a6', 'start_pos': '7438.2', 'oid': 85737385951, 'twap_id': 609681, 'cloid': None}]"
HYPE,A,2025-04-11T03:00:02.000402922,14.722,134.53,0x0000000000000000000000000000000000000000000000000000000000000000,Na,"[{'user': '0xee162a5a60829bd346f0c1ac3514b21fe5f4b290', 'start_pos': '1947.22', 'oid': 85737385534, 'twap_id': None, 'cloid': '0x000000000000000060fe1e43c6b02199'}, {'user': '0xc17074ae6ea19340fdd5ddb70fa50e2c9b8e22a6', 'start_pos': '7424.63', 'oid': 85737385951, 'twap_id': 609681, 'cloid': None}]"
HYPE,A,2025-04-11T03:00:02.000402922,14.72,17.22,0x0000000000000000000000000000000000000000000000000000000000000000,Na,"[{'user': '0x7b7f72a28fe109fa703eeed7984f2a8a68fedee2', 'start_pos': '2203.05', 'oid': 85737380355, 'twap_id': None, 'cloid': '0x0000000000000000332fca2296010000'}, {'user': '0xc17074ae6ea19340fdd5ddb70fa50e2c9b8e22a6', 'start_pos': '7290.1', 'oid': 85737385951, 'twap_id': 609681, 'cloid': None}]"
HYPE,A,2025-04-11T03:00:02.000402922,14.719,17.22,0x0000000000000000000000000000000000000000000000000000000000000000,Na,"[{'user': '0x7b7f72a28fe109fa703eeed7984f2a8a68fedee2', 'start_pos': '2220.27', 'oid': 85737379303, 'twap_id': None, 'cloid': '0x0000000000000000e52cca2296010000'}, {'user': '0xc17074ae6ea19340fdd5ddb70fa50e2c9b8e22a6', 'start_pos': '7272.88', 'oid': 85737385951, 'twap_id': 609681, 'cloid': None}]"
HYPE,A,2025-04-11T03:00:02.000402922,14.719,54.35,0x0000000000000000000000000000000000000000000000000000000000000000,Na,"[{'user': '0xecb63caa47c7c4e77f60f1ce858cf28dc2b82b00', 'start_pos': '-914164.12', 'oid': 85737380514, 'twap_id': None, 'cloid': '0x65912411ef1a49ec1d27ba7f776d1b5c'}, {'user': '0xc17074ae6ea19340fdd5ddb70fa50e2c9b8e22a6', 'start_pos': '7255.66', 'oid': 85737385951, 'twap_id': 609681, 'cloid': None}]"
HYPE,A,2025-04-11T03:00:02.000402922,14.718,75.44,0x0000000000000000000000000000000000000000000000000000000000000000,Na,"[{'user': '0xdcc16573e30314f7ee5363759a5af33df0dea83e', 'start_pos': '-3711.74', 'oid': 85737361460, 'twap_id': None, 'cloid': None}, {'user': '0xc17074ae6ea19340fdd5ddb70fa50e2c9b8e22a6', 'start_pos': '7201.31', 'oid': 85737385951, 'twap_id': 609681, 'cloid': None}]"
HYPE,A,2025-04-11T03:00:02.000402922,14.718,299.88,0x0000000000000000000000000000000000000000000000000000000000000000,Na,"[{'user': '0xf9109ada2f73c62e9889b45453065f0d99260a2d', 'start_pos': '-11913.83', 'oid': 85737385222, 'twap_id': None, 'cloid': '0xc690a9393f844b1b9fbbfda2483c0867'}, {'user': '0xc17074ae6ea19340fdd5ddb70fa50e2c9b8e22a6', 'start_pos': '7125.87', 'oid': 85737385951, 'twap_id': 609681, 'cloid': None}]"
BTC,B,2025-04-11T03:00:02.000402922,80301.0,0.00014,0x0000000000000000000000000000000000000000000000000000000000000000,Na,"[{'user': '0x5ef97a75ac362c05f74643b192a74a43758f638e', 'start_pos': '1.68118', 'oid': 85737385952, 'twap_id': 608282, 'cloid': None}, {'user': '0xf58b673c1633ccef0ac58263cdc95ed80f817fc7', 'start_pos': '-104.05954', 'oid': 85737384955, 'twap_id': None, 'cloid': '0x6e91585176f04b27b8c71298a6a2f115'}]"
@107,B,2025-04-11T03:00:02.000402922,14.744,1.32,0x0000000000000000000000000000000000000000000000000000000000000000,Na,"[{'user': '0xe76a751d0946ae483ba9c97f2e04e99b7571f51d', 'start_pos': '1467.376853', 'oid': 85737385953, 'twap_id': 609683, 'cloid': None}, {'user': '0x162cc7c861ebd0c06b3d72319201150482518185', 'start_pos': '66825.7114558', 'oid': 85737381140, 'twap_id': None, 'cloid': '0x000000000000000033d1d30ab5bf1069'}]"
LINK,B,2025-04-11T03:00:02.000402922,12.288,51.1,0xa09e9e3a2cf53893569a04214ff6e201020086d640173c45febbecd7dc17fd8e,Na,"[{'user': '0x31ca8395cf837de08b24da3f660e77761dfb974b', 'start_pos': '2007.3', 'oid': 85737385957, 'twap_id': None, 'cloid': None}, {'user': '0x2df22837da3f4fb34efb8c385af2d20501682431', 'start_pos': '462.1', 'oid': 85737383089, 'twap_id': None, 'cloid': '0x000d0213f28100076af10c5acef60000'}]"
POPCAT,A,2025-04-11T03:00:02.324767008,0.19624,6754.0,0xc93b4161a76fc0afd1dc04214ff6e5013b0057e77c5100f918c3e611d12c4e8e,Na,"[{'user': '0x2025137a136bea7446deba681cbfc7cf1970840e', 'start_pos': '-58924.0', 'oid': 85737382998, 'twap_id': None, 'cloid': '0xadd9d812305227446002900000000000'}, {'user': '0x162cc7c861ebd0c06b3d72319201150482518185', 'start_pos': '-516882.0', 'oid': 85737386168, 'twap_id': None, 'cloid': '0x00000000000000000b56a2121df4930b'}]"
JUP,B,2025-04-11T03:00:02.396787777,0.36584,500.0,0x669e0bf1a69a711f661604214ff6e6014800329e508e5af15c03a26989b70349,Na,"[{'user': '0x1dd4af3383fce2ee4a40d9fb6766cbfcce2ddbce', 'start_pos': '4104.0', 'oid': 85737386197, 'twap_id': None, 'cloid': '0x00000000000000001cc1cdd4d079230b'}, {'user': '0x0dd5db9c3748486e747c6a123727f472668cf6ee', 'start_pos': '452.0', 'oid': 85737376730, 'twap_id': None, 'cloid': '0x00000000000010be000022ade1941c60'}]"
POPCAT,A,2025-04-11T03:00:02.396787777,0.19624,6690.0,0xe88440a2b6dd24c8be6704214ff6e6014a00be47cd5de9602136c2769c1ba6da,Na,"[{'user': '0x2025137a136bea7446deba681cbfc7cf1970840e', 'start_pos': '-52170.0', 'oid': 85737382998, 'twap_id': None, 'cloid': '0xadd9d812305227446002900000000000'}, {'user': '0x162cc7c861ebd0c06b3d72319201150482518185', 'start_pos': '-523636.0', 'oid': 85737386199, 'twap_id': None, 'cloid': '0x00000000000000000b56a2121df49308'}]"
POPCAT,A,2025-04-11T03:00:02.396787777,0.19608,584.0,0xe88440a2b6dd24c8be6704214ff6e6014a00be47cd5de9602136c2769c1ba6da,Na,"[{'user': '0x3baa9394ccc134b59827790c012400e9e2591ffa', 'start_pos': '-6761.0', 'oid': 85734116606, 'twap_id': None, 'cloid': None}, {'user': '0x162cc7c861ebd0c06b3d72319201150482518185', 'start_pos': '-530326.0', 'oid': 85737386199, 'twap_id': None, 'cloid': '0x00000000000000000b56a2121df49308'}]"
POPCAT,A,2025-04-11T03:00:02.396787777,0.19589,816.0,0xe88440a2b6dd24c8be6704214ff6e6014a00be47cd5de9602136c2769c1ba6da,Na,"[{'user': '0xf27ebb91ea420f73b59b205ac7e0b77a90ec8f3c', 'start_pos': '-145655.0', 'oid': 85737383018, 'twap_id': None, 'cloid': '0x000000000000000008dd77561ccde325'}, {'user': '0x162cc7c861ebd0c06b3d72319201150482518185', 'start_pos': '-530910.0', 'oid': 85737386199, 'twap_id': None, 'cloid': '0x00000000000000000b56a2121df49308'}]"
POPCAT,A,2025-04-11T03:00:02.396787777,0.19589,10605.0,0xddd007659840fa35902704214ff6e6014b00cf3fd8217874644be441d7216ad0,Na,"[{'user': '0xf27ebb91ea420f73b59b205ac7e0b77a90ec8f3c', 'start_pos': '-144839.0', 'oid': 85737383018, 'twap_id': None, 'cloid': '0x000000000000000008dd77561ccde325'}, {'user': '0x162cc7c861ebd0c06b3d72319201150482518185', 'start_pos': '-531726.0', 'oid': 85737386200, 'twap_id': None, 'cloid': '0x00000000000000000b56a2121df4930a'}]"
HYPE,B,2025-04-11T03:00:02.396787777,14.728,3.48,0x1cf63de9794cdcdf755504214ff6e6015100c3532e949efcc8e0b8aea60f6ca2,Na,"[{'user': '0x0762a621091357d600af930ad21ca493ab5b0282', 'start_pos': '5015.96', 'oid': 85737386205, 'twap_id': None, 'cloid': '0x7ed03abe4afba01b634757cc1be8c429'}, {'user': '0xf8608569321b00f239ac056616a5de6ff3d8ff3f', 'start_pos': '3.48', 'oid': 85737382203, 'twap_id': None, 'cloid': '0xaaaaaaaaaaaaaaaa1744340399046425'}]"
HYPE,B,2025-04-11T03:00:02.396787777,14.73,0.9,0x1cf63de9794cdcdf755504214ff6e6015100c3532e949efcc8e0b8aea60f6ca2,Na,"[{'user': '0x0762a621091357d600af930ad21ca493ab5b0282', 'start_pos': '5019.44', 'oid': 85737386205, 'twap_id': None, 'cloid': '0x7ed03abe4afba01b634757cc1be8c429'}, {'user': '0xb8af60ce7a7ed47be31913e73856b50bcdbbd358', 'start_pos': '-0.85', 'oid': 85737361521, 'twap_id': None, 'cloid': '0x00000000000000001834d1a5f3849d4c'}]"
HYPE,B,2025-04-11T03:00:02.396787777,14.732,17.22,0x1cf63de9794cdcdf755504214ff6e6015100c3532e949efcc8e0b8aea60f6ca2,Na,"[{'user': '0x0762a621091357d600af930ad21ca493ab5b0282', 'start_pos': '5020.34', 'oid': 85737386205, 'twap_id': None, 'cloid': '0x7ed03abe4afba01b634757cc1be8c429'}, {'user': '0x7b7f72a28fe109fa703eeed7984f2a8a68fedee2', 'start_pos': '2237.49', 'oid': 85737360659, 'twap_id': None, 'cloid': '0x0000000000000000240bca2296010000'}]"
HYPE,B,2025-04-11T03:00:02.396787777,14.732,12.31,0x1cf63de9794cdcdf755504214ff6e6015100c3532e949efcc8e0b8aea60f6ca2,Na,"[{'user': '0x0762a621091357d600af930ad21ca493ab5b0282', 'start_pos': '5037.56', 'oid': 85737386205, 'twap_id': None, 'cloid': '0x7ed03abe4afba01b634757cc1be8c429'}, {'user': '0x7b7f72a28fe109fa703eeed7984f2a8a68fedee2', 'start_pos': '2220.27', 'oid': 85737360693, 'twap_id': None, 'cloid': '0x0000000000000000260bca2296010000'}]"
CRV,B,2025-04-11T03:00:02.396787777,0.59108,19.7,0xfb98aef1b176cb2ef17004214ff6e60157002e8ce2f4238d9b3599e416ec217d,Na,"[{'user': '0xd283996b5c11511ec1514efe722d097f65a88430', 'start_pos': '-7839.9', 'oid': 85737386210, 'twap_id': None, 'cloid': '0xabe92a813a3b4ae1990662c54807a93b'}, {'user': '0x94d3e1fc41121b98cff51468710366a9140e1e8b', 'start_pos': '2791.7', 'oid': 85737359444, 'twap_id': None, 'cloid': '0xe12a13e583524da191b8d18dc02aa99d'}]"
CRV,B,2025-04-11T03:00:02.396787777,0.59146,947.9,0xfb98aef1b176cb2ef17004214ff6e60157002e8ce2f4238d9b3599e416ec217d,Na,"[{'user': '0xd283996b5c11511ec1514efe722d097f65a88430', 'start_pos': '-7820.2', 'oid': 85737386210, 'twap_id': None, 'cloid': '0xabe92a813a3b4ae1990662c54807a93b'}, {'user': '0xab2811065c46ffb17997ff83446dffd35807fe3e', 'start_pos': '16906.7', 'oid': 85737384099, 'twap_id': None, 'cloid': '0x17443403943104663860000000000000'}]"
CAKE,A,2025-04-11T03:00:02.396787777,1.981,37.8,0xcc3e423c60f02df4cfa504214ff6e6015b00e965c4280daee119c9b5e69e0236,Na,"[{'user': '0x26869599b7647177c78610d7a6b9d0b7bf32fcf5', 'start_pos': '-1173.0', 'oid': 85737382902, 'twap_id': None, 'cloid': '0x6d085fe086214695ac317edc082b1d0c'}, {'user': '0xf27ebb91ea420f73b59b205ac7e0b77a90ec8f3c', 'start_pos': '416.8', 'oid': 85737386215, 'twap_id': None, 'cloid': '0x000000000000000008dd77561ccde197'}]"
LINK,B,2025-04-11T03:00:02.543494436,12.288,31.5,0xded5e66aacad7e63fe1e04214ff6e80121005a6cfef62956823b103b380cb91c,Na,"[{'user': '0x010461c14e146ac35fe42271bdc1134ee31c703a', 'start_pos': '-2016.6', 'oid': 85737386428, 'twap_id': None, 'cloid': None}, {'user': '0x2df22837da3f4fb34efb8c385af2d20501682431', 'start_pos': '411.0', 'oid': 85737383089, 'twap_id': None, 'cloid': '0x000d0213f28100076af10c5acef60000'}]"
POPCAT,A,2025-04-11T03:00:02.543494436,0.19589,78.0,0x39aad66231bdf36f823304214ff6e8012200bf7d023a7025dea60df29b2162d9,Na,"[{'user': '0xf27ebb91ea420f73b59b205ac7e0b77a90ec8f3c', 'start_pos': '-134234.0', 'oid': 85737383018, 'twap_id': None, 'cloid': '0x000000000000000008dd77561ccde325'}, {'user': '0x663a0f016fb2f6ad8428738763b7177cd3f9fb50', 'start_pos': '-1809.0', 'oid': 85737386429, 'twap_id': None, 'cloid': None}]"
SUPER,A,2025-04-11T03:00:02.866455546,0.47653,36.0,0x23a52a9488cd4d2c8c2d04214ff6ec02010b0064328b0a8456b325f9a3542a56,Na,"[{'user': '0x644f7170fae9d4d173d9217f03b7a77e22ed98f1', 'start_pos': '787.0', 'oid': 85737386887, 'twap_id': None, 'cloid': '0xafbefbca2f3ac568dec945e1739bd2d0'}, {'user': '0x31ca8395cf837de08b24da3f660e77761dfb974b', 'start_pos': '101009.0', 'oid': 85737387076, 'twap_id': None, 'cloid': None}]"
ETH,A,2025-04-11T03:00:03.079780564,1533.5,0.0165,0x0000000000000000000000000000000000000000000000000000000000000000,Na,"[{'user': '0xecb63caa47c7c4e77f60f1ce858cf28dc2b82b00', 'start_pos': '1883.8885', 'oid': 85737375657, 'twap_id': None, 'cloid': '0x101020236a858060967ee93043670ee2'}, {'user': '0xbae5e1fd212efdfae8a9ff44d5667c95f10f7902', 'start_pos': '-24.8087', 'oid': 85737387999, 'twap_id': 608094, 'cloid': None}]"
FARTCOIN,B,2025-04-11T03:00:03.079780564,0.85909,39.3,0x0000000000000000000000000000000000000000000000000000000000000000,Na,"[{'user': '0x656c8da58d738295e03550796dd83900aa7c6525', 'start_pos': '864953.2', 'oid': 85737388000, 'twap_id': 609387, 'cloid': None}, {'user': '0x2025137a136bea7446deba681cbfc7cf1970840e', 'start_pos': '-8252.3', 'oid': 85737381656, 'twap_id': None, 'cloid': '0xffdbded3d16f81230523897198820000'}]"
@107,B,2025-04-11T03:00:03.079780564,14.745,4.32,0x0000000000000000000000000000000000000000000000000000000000000000,Na,"[{'user': '0x964f9b5b2b0450ca7847956609bbb220047db3a7', 'start_pos': '9030.30831513', 'oid': 85737388001, 'twap_id': 609330, 'cloid': None}, {'user': '0xcbbbe949af94cafe431dac97c8679425a0fbcdc2', 'start_pos': '974.61939582', 'oid': 85737364323, 'twap_id': None, 'cloid': '0xd1bc05a08f973b6d9bbb470012683ab8'}]"
@107,B,2025-04-11T03:00:03.079780564,14.748,16.59,0x0000000000000000000000000000000000000000000000000000000000000000,Na,"[{'user': '0x964f9b5b2b0450ca7847956609bbb220047db3a7', 'start_pos': '9034.62680316', 'oid': 85737388001, 'twap_id': 609330, 'cloid': None}, {'user': '0xf9109ada2f73c62e9889b45453065f0d99260a2d', 'start_pos': '60665.08027069', 'oid': 85737382473, 'twap_id': None, 'cloid': '0x4008980ccbad4d8eaf40262b81ada1b3'}]"
@107,B,2025-04-11T03:00:03.079780564,14.748,25.17,0x0000000000000000000000000000000000000000000000000000000000000000,Na,"[{'user': '0xf5830ff9b625b60131d82530c51c9e294a9f7478', 'start_pos': '5983.45251702', 'oid': 85737388002, 'twap_id': 609671, 'cloid': None}, {'user': '0xf9109ada2f73c62e9889b45453065f0d99260a2d', 'start_pos': '60648.49043654', 'oid': 85737382473, 'twap_id': None, 'cloid': '0x4008980ccbad4d8eaf40262b81ada1b3'}]"
@107,B,2025-04-11T03:00:03.079780564,14.749,50.57,0x0000000000000000000000000000000000000000000000000000000000000000,Na,"[{'user': '0xf5830ff9b625b60131d82530c51c9e294a9f7478', 'start_pos': '6008.61496604', 'oid': 85737388002, 'twap_id': 609671, 'cloid': None}, {'user': '0xf9109ada2f73c62e9889b45453065f0d99260a2d', 'start_pos': '60623.32068823', 'oid': 85737386755, 'twap_id': None, 'cloid': '0x88d48c1aa22445af978960827a0c5718'}]"
@107,B,2025-04-11T03:00:03.079780564,14.75,6.23,0x0000000000000000000000000000000000000000000000000000000000000000,Na,"[{'user': '0xf5830ff9b625b60131d82530c51c9e294a9f7478', 'start_pos': '6059.16979505', 'oid': 85737388002, 'twap_id': 609671, 'cloid': None}, {'user': '0x18c6d933a6d59e4134ff035dca05dcf7d8ac0dc4', 'start_pos': '18688.78331184', 'oid': 85737386762, 'twap_id': None, 'cloid': '0x000000000000000012b0e47272a0b57f'}]"
@107,B,2025-04-11T03:00:03.079780564,14.75,21.5,0x0000000000000000000000000000000000000000000000000000000000000000,Na,"[{'user': '0x98054753cc4b5ad006f124801f6213dbc41752e7', 'start_pos': '39447.31849278', 'oid': 85737388003, 'twap_id': 609535, 'cloid': None}, {'user': '0x18c6d933a6d59e4134ff035dca05dcf7d8ac0dc4', 'start_pos': '18682.55331184', 'oid': 85737386762, 'twap_id': None, 'cloid': '0x000000000000000012b0e47272a0b57f'}]"
@107,B,2025-04-11T03:00:03.184815259,14.743,4.72,0x4ef94196d64db87b9b5b04214ff6ef0202be00b9b972e2ec271aadbf608a0c9f,Na,"[{'user': '0xe7d61c63104377efa5bc24321b37b51cd496353c', 'start_pos': '0.0', 'oid': 85737389155, 'twap_id': None, 'cloid': None}, {'user': '0xecb63caa47c7c4e77f60f1ce858cf28dc2b82b00', 'start_pos': '1086466.5949102', 'oid': 85737388615, 'twap_id': None, 'cloid': '0x1000a9179859e57a1e385a553c4be371'}]"
SAND,B,2025-04-11T03:00:03.486007465,0.25936,766.0,0x866aa54030a8c93feed104214ff6f2010a0101c272217f122c5b8e5b379335e5,Na,"[{'user': '0x31ca8395cf837de08b24da3f660e77761dfb974b', 'start_pos': '-624183.0', 'oid': 85737390427, 'twap_id': None, 'cloid': None}, {'user': '0x98daeaed62a12b1a882f515416d358254f166de1', 'start_pos': '1801.0', 'oid': 85737383058, 'twap_id': None, 'cloid': '0xce01bb722634285d56b19a2cde882a73'}]"
XRP,A,2025-04-11T03:00:03.589667361,1.9888,27.0,0x72cbdb5cbd1602305caf04214ff6f3020237009890701598fc8c300cd0d02037,Na,"[{'user': '0x42885bfee595c7bf079609433fa3f2bc24e72096', 'start_pos': '1824.0', 'oid': 85737389264, 'twap_id': None, 'cloid': '0x0000000000000000000000000bdaab00'}, {'user': '0x3a03c75df10d3f18a212649ce0d28b03b108b812', 'start_pos': '51790.0', 'oid': 85737390758, 'twap_id': None, 'cloid': '0xab1435c0b03e4e77995149a6b13add5c'}]"
ZETA,A,2025-04-11T03:00:03.589667361,0.22531,54.6,0x6a9c430373fd081efd6804214ff6f302023a00cb4b6a3b15a7e43829977e89fd,Na,"[{'user': '0x03b9a189e2480d1e4c3007080b29f362282130fa', 'start_pos': '-54.6', 'oid': 85737387177, 'twap_id': None, 'cloid': '0xe3f621005798d9d209e97bf4b7b928e8'}, {'user': '0x010461c14e146ac35fe42271bdc1134ee31c703a', 'start_pos': '-24112.9', 'oid': 85737390762, 'twap_id': None, 'cloid': None}]"
CAKE,A,2025-04-11T03:00:03.589667361,1.9805,360.0,0xdd62f53ded6e3083f4d004214ff6f302023c007119cfc176536bbe7125aa28e4,Na,"[{'user': '0xa33747818922edea60a70c1256412a178d435e79', 'start_pos': '380.0', 'oid': 85737329865, 'twap_id': None, 'cloid': None}, {'user': '0x142496d439429abd0fe8c7a8f165ce5010573b1a', 'start_pos': '1126.3', 'oid': 85737390764, 'twap_id': None, 'cloid': None}]"
FTT,B,2025-04-11T03:00:03.589667361,0.90243,10.9,0xd564ccc6f48fc51cd1d704214ff6f302023f0067ae0ebcb943f0eef275d62903,Na,"[{'user': '0x010461c14e146ac35fe42271bdc1134ee31c703a', 'start_pos': '-274.6', 'oid': 85737390767, 'twap_id': None, 'cloid': None}, {'user': '0xdcac85ecae7148886029c20e661d848a4de99ce2', 'start_pos': '7331.7', 'oid': 85737263923, 'twap_id': None, 'cloid': None}]"
SOL,A,2025-04-11T03:00:03.589667361,114.31,18.44,0x04e3387f16b631be271b04214ff6f302024e00e90902402bd48ca0d32630fe08,Na,"[{'user': '0xecb63caa47c7c4e77f60f1ce858cf28dc2b82b00', 'start_pos': '-30947.21', 'oid': 85737377300, 'twap_id': None, 'cloid': '0x5120914df79224dd121cf89ceb42cca8'}, {'user': '0x5de721dd41577d2ab55dea184b8cf849591d2cfd', 'start_pos': '6200.0', 'oid': 85737390780, 'twap_id': None, 'cloid': None}]"
SOL,A,2025-04-11T03:00:03.589667361,114.31,44.5,0x04e3387f16b631be271b04214ff6f302024e00e90902402bd48ca0d32630fe08,Na,"[{'user': '0xab2811065c46ffb17997ff83446dffd35807fe3e', 'start_pos': '88.95', 'oid': 85737378593, 'twap_id': None, 'cloid': '0x17443403963104669330000000000000'}, {'user': '0x5de721dd41577d2ab55dea184b8cf849591d2cfd', 'start_pos': '6181.56', 'oid': 85737390780, 'twap_id': None, 'cloid': None}]"
SOL,A,2025-04-11T03:00:03.589667361,114.31,26.24,0x04e3387f16b631be271b04214ff6f302024e00e90902402bd48ca0d32630fe08,Na,"[{'user': '0x3112bb1cc9135df076c31ad4eab75d6da1e5a2b6', 'start_pos': '-125.4', 'oid': 85737378788, 'twap_id': None, 'cloid': '0xf590ea18d274428cb2de4e3f12773ac1'}, {'user': '0x5de721dd41577d2ab55dea184b8cf849591d2cfd', 'start_pos': '6137.06', 'oid': 85737390780, 'twap_id': None, 'cloid': None}]"
SOL,A,2025-04-11T03:00:03.589667361,114.31,8.74,0x04e3387f16b631be271b04214ff6f302024e00e90902402bd48ca0d32630fe08,Na,"[{'user': '0x6802b4267f7f2bf7003dcf993c51542245b38329', 'start_pos': '130.91', 'oid': 85737379842, 'twap_id': None, 'cloid': '0x007d0497309700d60072d0e791be0000'}, {'user': '0x5de721dd41577d2ab55dea184b8cf849591d2cfd', 'start_pos': '6110.82', 'oid': 85737390780, 'twap_id': None, 'cloid': None}]"
SOL,A,2025-04-11T03:00:03.589667361,114.31,5.42,0x04e3387f16b631be271b04214ff6f302024e00e90902402bd48ca0d32630fe08,Na,"[{'user': '0x0701363ed0a7809b2b8ca7e22aaccea4a670216c', 'start_pos': '-441.85', 'oid': 85737384055, 'twap_id': None, 'cloid': '0x6767fdb64cfc4a94807ffc21d2320a71'}, {'user': '0x5de721dd41577d2ab55dea184b8cf849591d2cfd', 'start_pos': '6102.08', 'oid': 85737390780, 'twap_id': None, 'cloid': None}]"
SOL,A,2025-04-11T03:00:03.589667361,114.31,96.66,0x04e3387f16b631be271b04214ff6f302024e00e90902402bd48ca0d32630fe08,Na,"[{'user': '0x023a3d058020fb76cca98f01b3c48c8938a22355', 'start_pos': '-7175.37', 'oid': 85737385015, 'twap_id': None, 'cloid': '0x00000000000003742668209793660513'}, {'user': '0x5de721dd41577d2ab55dea184b8cf849591d2cfd', 'start_pos': '6096.66', 'oid': 85737390780, 'twap_id': None, 'cloid': None}]"
HYPE,B,2025-04-11T03:00:03.791528325,14.732,13.58,0xf7b72279fddd0874222e04214ff6f50202f3001c1c622c47287d39232371e5b4,Na,"[{'user': '0x6718c8f908990e0dbab55f8e8141aa206af213ad', 'start_pos': '-1227.49', 'oid': 85737391241, 'twap_id': None, 'cloid': None}, {'user': '0xf6fb1452dffd2535ad6b506bb9d763864e048fb0', 'start_pos': '6.79', 'oid': 85737390934, 'twap_id': None, 'cloid': '0xffffffffffffffffffffffffa830c080'}]"
HYPE,B,2025-04-11T03:00:03.791528325,14.732,40.37,0xf7b72279fddd0874222e04214ff6f50202f3001c1c622c47287d39232371e5b4,Na,"[{'user': '0x6718c8f908990e0dbab55f8e8141aa206af213ad', 'start_pos': '-1213.91', 'oid': 85737391241, 'twap_id': None, 'cloid': None}, {'user': '0x585a06f75cd9d48d39552ba80096c68c51b69d6d', 'start_pos': '-17467.75', 'oid': 85737390955, 'twap_id': None, 'cloid': '0x0000000000000000db1f793518246cee'}]"
HYPE,B,2025-04-11T03:00:03.791528325,14.732,6.79,0xf7b72279fddd0874222e04214ff6f50202f3001c1c622c47287d39232371e5b4,Na,"[{'user': '0x6718c8f908990e0dbab55f8e8141aa206af213ad', 'start_pos': '-1173.54', 'oid': 85737391241, 'twap_id': None, 'cloid': None}, {'user': '0x744cf47e88d9d0847544f0ac2fa7575cf5925f79', 'start_pos': '6.79', 'oid': 85737391078, 'twap_id': None, 'cloid': '0xffffffffffffffffffffffffa830c080'}]"
HYPE,B,2025-04-11T03:00:03.791528325,14.732,41.04,0xf7b72279fddd0874222e04214ff6f50202f3001c1c622c47287d39232371e5b4,Na,"[{'user': '0x6718c8f908990e0dbab55f8e8141aa206af213ad', 'start_pos': '-1166.75', 'oid': 85737391241, 'twap_id': None, 'cloid': None}, {'user': '0x585a06f75cd9d48d39552ba80096c68c51b69d6d', 'start_pos': '-17508.12', 'oid': 85737391113, 'twap_id': None, 'cloid': '0x0000000000000000db1f793518246ced'}]"
HYPE,B,2025-04-11T03:00:03.791528325,14.733,17.22,0xf7b72279fddd0874222e04214ff6f50202f3001c1c622c47287d39232371e5b4,Na,"[{'user': '0x6718c8f908990e0dbab55f8e8141aa206af213ad', 'start_pos': '-1125.71', 'oid': 85737391241, 'twap_id': None, 'cloid': None}, {'user': '0x7b7f72a28fe109fa703eeed7984f2a8a68fedee2', 'start_pos': '2207.96', 'oid': 85737389112, 'twap_id': None, 'cloid': '0x00000000000000003843ca2296010000'}]"
HYPE,B,2025-04-11T03:00:03.791528325,14.733,228.69,0xf7b72279fddd0874222e04214ff6f50202f3001c1c622c47287d39232371e5b4,Na,"[{'user': '0x6718c8f908990e0dbab55f8e8141aa206af213ad', 'start_pos': '-1108.49', 'oid': 85737391241, 'twap_id': None, 'cloid': None}, {'user': '0x348e5365acfa48a26ada7da840ca611e29c950ef', 'start_pos': '960.59', 'oid': 85737390087, 'twap_id': None, 'cloid': '0x0000000000000000e0f5526a5cee9060'}]"
HYPE,B,2025-04-11T03:00:03.791528325,14.734,33.93,0xf7b72279fddd0874222e04214ff6f50202f3001c1c622c47287d39232371e5b4,Na,"[{'user': '0x6718c8f908990e0dbab55f8e8141aa206af213ad', 'start_pos': '-879.8', 'oid': 85737391241, 'twap_id': None, 'cloid': None}, {'user': '0xae7a0f9f663bb54bfe95378c7e3de7dd6e28d6bc', 'start_pos': '537.55', 'oid': 85737361166, 'twap_id': None, 'cloid': '0x0014870072d47c0000019622ca0cc5d7'}]"
HYPE,B,2025-04-11T03:00:03.791528325,14.734,32.42,0xf7b72279fddd0874222e04214ff6f50202f3001c1c622c47287d39232371e5b4,Na,"[{'user': '0x6718c8f908990e0dbab55f8e8141aa206af213ad', 'start_pos': '-845.87', 'oid': 85737391241, 'twap_id': None, 'cloid': None}, {'user': '0x7b7f72a28fe109fa703eeed7984f2a8a68fedee2', 'start_pos': '2190.74', 'oid': 85737381898, 'twap_id': None, 'cloid': '0x00000000000000004733ca2296010000'}]"
HYPE,B,2025-04-11T03:00:03.791528325,14.734,17.22,0xf7b72279fddd0874222e04214ff6f50202f3001c1c622c47287d39232371e5b4,Na,"[{'user': '0x6718c8f908990e0dbab55f8e8141aa206af213ad', 'start_pos': '-813.45', 'oid': 85737391241, 'twap_id': None, 'cloid': None}, {'user': '0x7b7f72a28fe109fa703eeed7984f2a8a68fedee2', 'start_pos': '2158.32', 'oid': 85737381985, 'twap_id': None, 'cloid': '0x00000000000000004633ca2296010000'}]"
HYPE,B,2025-04-11T03:00:03.791528325,14.734,43.84,0xf7b72279fddd0874222e04214ff6f50202f3001c1c622c47287d39232371e5b4,Na,"[{'user': '0x6718c8f908990e0dbab55f8e8141aa206af213ad', 'start_pos': '-796.23', 'oid': 85737391241, 'twap_id': None, 'cloid': None}, {'user': '0xf9109ada2f73c62e9889b45453065f0d99260a2d', 'start_pos': '-11613.95', 'oid': 85737386728, 'twap_id': None, 'cloid': '0xa7581584a657473883eb78f0ef5bfc18'}]"
HYPE,B,2025-04-11T03:00:03.791528325,14.734,64.0,0xf7b72279fddd0874222e04214ff6f50202f3001c1c622c47287d39232371e5b4,Na,"[{'user': '0x6718c8f908990e0dbab55f8e8141aa206af213ad', 'start_pos': '-752.39', 'oid': 85737391241, 'twap_id': None, 'cloid': None}, {'user': '0x7b7f72a28fe109fa703eeed7984f2a8a68fedee2', 'start_pos': '2141.1', 'oid': 85737388640, 'twap_id': None, 'cloid': '0x00000000000000003a43ca2296010000'}]"
HYPE,B,2025-04-11T03:00:03.791528325,14.735,17.22,0xf7b72279fddd0874222e04214ff6f50202f3001c1c622c47287d39232371e5b4,Na,"[{'user': '0x6718c8f908990e0dbab55f8e8141aa206af213ad', 'start_pos': '-688.39', 'oid': 85737391241, 'twap_id': None, 'cloid': None}, {'user': '0x7b7f72a28fe109fa703eeed7984f2a8a68fedee2', 'start_pos': '2077.1', 'oid': 85737360955, 'twap_id': None, 'cloid': '0x00000000000000002d0cca2296010000'}]"
HYPE,B,2025-04-11T03:00:03.791528325,14.735,39.56,0xf7b72279fddd0874222e04214ff6f50202f3001c1c622c47287d39232371e5b4,Na,"[{'user': '0x6718c8f908990e0dbab55f8e8141aa206af213ad', 'start_pos': '-671.17', 'oid': 85737391241, 'twap_id': None, 'cloid': None}, {'user': '0xf9109ada2f73c62e9889b45453065f0d99260a2d', 'start_pos': '-11657.79', 'oid': 85737382481, 'twap_id': None, 'cloid': '0x34621cbdcdf7437abfa47b1b41e40f81'}]"
HYPE,B,2025-04-11T03:00:03.791528325,14.735,474.85,0xf7b72279fddd0874222e04214ff6f50202f3001c1c622c47287d39232371e5b4,Na,"[{'user': '0x6718c8f908990e0dbab55f8e8141aa206af213ad', 'start_pos': '-631.61', 'oid': 85737391241, 'twap_id': None, 'cloid': None}, {'user': '0xf9109ada2f73c62e9889b45453065f0d99260a2d', 'start_pos': '-11697.35', 'oid': 85737385223, 'twap_id': None, 'cloid': '0xbfca6ce96b734977ba59afcabcdadbfa'}]"
HYPE,B,2025-04-11T03:00:03.791528325,14.736,1.39,0xf7b72279fddd0874222e04214ff6f50202f3001c1c622c47287d39232371e5b4,Na,"[{'user': '0x6718c8f908990e0dbab55f8e8141aa206af213ad', 'start_pos': '-156.76', 'oid': 85737391241, 'twap_id': None, 'cloid': None}, {'user': '0x162cc7c861ebd0c06b3d72319201150482518185', 'start_pos': '-61802.14', 'oid': 85737361209, 'twap_id': None, 'cloid': '0x00000000000000000b56a2121df46705'}]"
HYPE,B,2025-04-11T03:00:03.791528325,14.736,17.39,0xf7b72279fddd0874222e04214ff6f50202f3001c1c622c47287d39232371e5b4,Na,"[{'user': '0x6718c8f908990e0dbab55f8e8141aa206af213ad', 'start_pos': '-155.37', 'oid': 85737391241, 'twap_id': None, 'cloid': None}, {'user': '0x7b7f72a28fe109fa703eeed7984f2a8a68fedee2', 'start_pos': '2059.88', 'oid': 85737382599, 'twap_id': None, 'cloid': '0x00000000000000006f35ca2296010000'}]"
HYPE,B,2025-04-11T03:00:03.791528325,14.736,20.14,0xf7b72279fddd0874222e04214ff6f50202f3001c1c622c47287d39232371e5b4,Na,"[{'user': '0x6718c8f908990e0dbab55f8e8141aa206af213ad', 'start_pos': '-137.98', 'oid': 85737391241, 'twap_id': None, 'cloid': None}, {'user': '0x7b7f72a28fe109fa703eeed7984f2a8a68fedee2', 'start_pos': '2042.49', 'oid': 85737388349, 'twap_id': None, 'cloid': '0x00000000000000003c43ca2296010000'}]"
HYPE,B,2025-04-11T03:00:03.791528325,14.736,43.83,0xf7b72279fddd0874222e04214ff6f50202f3001c1c622c47287d39232371e5b4,Na,"[{'user': '0x6718c8f908990e0dbab55f8e8141aa206af213ad', 'start_pos': '-117.84', 'oid': 85737391241, 'twap_id': None, 'cloid': None}, {'user': '0xf9109ada2f73c62e9889b45453065f0d99260a2d', 'start_pos': '-12172.2', 'oid': 85737390860, 'twap_id': None, 'cloid': '0xdf4719021e734215af1aad446201e0b7'}]"
HYPE,B,2025-04-11T03:00:03.791528325,14.737,17.22,0xf7b72279fddd0874222e04214ff6f50202f3001c1c622c47287d39232371e5b4,Na,"[{'user': '0x6718c8f908990e0dbab55f8e8141aa206af213ad', 'start_pos': '-74.01', 'oid': 85737391241, 'twap_id': None, 'cloid': None}, {'user': '0x7b7f72a28fe109fa703eeed7984f2a8a68fedee2', 'start_pos': '2022.35', 'oid': 85737361589, 'twap_id': None, 'cloid': '0x0000000000000000ce0eca2296010000'}]"
HYPE,B,2025-04-11T03:00:03.791528325,14.737,56.79,0xf7b72279fddd0874222e04214ff6f50202f3001c1c622c47287d39232371e5b4,Na,"[{'user': '0x6718c8f908990e0dbab55f8e8141aa206af213ad', 'start_pos': '-56.79', 'oid': 85737391241, 'twap_id': None, 'cloid': None}, {'user': '0x7b7f72a28fe109fa703eeed7984f2a8a68fedee2', 'start_pos': '2005.13', 'oid': 85737391215, 'twap_id': None, 'cloid': '0x0000000000000000ac45ca2296010000'}]"
FARTCOIN,B,2025-04-11T03:00:03.992346700,0.85821,116.5,0x0e444cb5dada1eb1e63504214ff6f702048600ef02dbccbe5b41ca1e6ec3a3b5,Na,"[{'user': '0x7717a7a245d9f950e586822b8c9b46863ed7bd7e', 'start_pos': '-314066.4', 'oid': 85737391951, 'twap_id': None, 'cloid': '0x335240643fc87a8c821ef1ad5db33214'}, {'user': '0x744cf47e88d9d0847544f0ac2fa7575cf5925f79', 'start_pos': '321.1', 'oid': 85737391748, 'twap_id': None, 'cloid': '0xfffffffffffffffffffffffffae279b8'}]"
FARTCOIN,B,2025-04-11T03:00:03.992346700,0.8583,1000.0,0x0e444cb5dada1eb1e63504214ff6f702048600ef02dbccbe5b41ca1e6ec3a3b5,Na,"[{'user': '0x7717a7a245d9f950e586822b8c9b46863ed7bd7e', 'start_pos': '-313949.9', 'oid': 85737391951, 'twap_id': None, 'cloid': '0x335240643fc87a8c821ef1ad5db33214'}, {'user': '0x0dd5db9c3748486e747c6a123727f472668cf6ee', 'start_pos': '964.7', 'oid': 85737391873, 'twap_id': None, 'cloid': '0x00000000022b72ed00002721667d1c59'}]"
FARTCOIN,B,2025-04-11T03:00:03.992346700,0.85851,559.5,0x0e444cb5dada1eb1e63504214ff6f702048600ef02dbccbe5b41ca1e6ec3a3b5,Na,"[{'user': '0x7717a7a245d9f950e586822b8c9b46863ed7bd7e', 'start_pos': '-312949.9', 'oid': 85737391951, 'twap_id': None, 'cloid': '0x335240643fc87a8c821ef1ad5db33214'}, {'user': '0x09bf77ff40d9b8fb0fa2610b3da36705db58f05c', 'start_pos': '2482.2', 'oid': 85737391047, 'twap_id': None, 'cloid': '0x006f0deacbe2007700a54f124ccc0000'}]"
SAND,B,2025-04-11T03:00:03.992346700,0.25936,773.0,0x8b2aa697253e82fdc63304214ff6f7020487001a4a2539aa71359317e7ae06f1,Na,"[{'user': '0x010461c14e146ac35fe42271bdc1134ee31c703a', 'start_pos': '634538.0', 'oid': 85737391952, 'twap_id': None, 'cloid': None}, {'user': '0x98daeaed62a12b1a882f515416d358254f166de1', 'start_pos': '1035.0', 'oid': 85737383058, 'twap_id': None, 'cloid': '0xce01bb722634285d56b19a2cde882a73'}]"
PAXG,B,2025-04-11T03:00:04.093934297,3247.4,0.331,0x0000000000000000000000000000000000000000000000000000000000000000,Na,"[{'user': '0x7ddc1f93b0f61284cb0dec1db4a0eafaf9cb217f', 'start_pos': '25.545', 'oid': 85737391970, 'twap_id': 609626, 'cloid': None}, {'user': '0x644f7170fae9d4d173d9217f03b7a77e22ed98f1', 'start_pos': '0.989', 'oid': 85737391118, 'twap_id': None, 'cloid': '0x38d3929c6ffa68ffdf8046ab4fe0a3a5'}]"
PAXG,B,2025-04-11T03:00:04.093934297,3248.3,0.134,0x0000000000000000000000000000000000000000000000000000000000000000,Na,"[{'user': '0x7ddc1f93b0f61284cb0dec1db4a0eafaf9cb217f', 'start_pos': '25.876', 'oid': 85737391970, 'twap_id': 609626, 'cloid': None}, {'user': '0x010461c14e146ac35fe42271bdc1134ee31c703a', 'start_pos': '-5.252', 'oid': 85737387566, 'twap_id': None, 'cloid': None}]"
PAXG,B,2025-04-11T03:00:04.093934297,3248.6,0.045,0x0000000000000000000000000000000000000000000000000000000000000000,Na,"[{'user': '0x7ddc1f93b0f61284cb0dec1db4a0eafaf9cb217f', 'start_pos': '26.01', 'oid': 85737391970, 'twap_id': 609626, 'cloid': None}, {'user': '0x1dd4af3383fce2ee4a40d9fb6766cbfcce2ddbce', 'start_pos': '0.19', 'oid': 85737388094, 'twap_id': None, 'cloid': '0x00000000000000001cc1cdd4d0792d5d'}]"
BTC,B,2025-04-11T03:00:04.093934297,80300.0,0.00014,0x0000000000000000000000000000000000000000000000000000000000000000,Na,"[{'user': '0x0ce048fe42c170e41740ee392e187f19515f339d', 'start_pos': '0.91632', 'oid': 85737391971, 'twap_id': 608771, 'cloid': None}, {'user': '0x45c081b1ca2cd91fd13b8fb8bb8836730d188d2d', 'start_pos': '0.00824', 'oid': 85737386665, 'twap_id': None, 'cloid': '0x0000000000000000021578d09ed56d72'}]"
GRASS,B,2025-04-11T03:00:04.093934297,1.6083,8.8,0x0000000000000000000000000000000000000000000000000000000000000000,Na,"[{'user': '0x4a207d289fd49e60502451099771127bcf35b961', 'start_pos': '64612.7', 'oid': 85737391972, 'twap_id': 609452, 'cloid': None}, {'user': '0x644f7170fae9d4d173d9217f03b7a77e22ed98f1', 'start_pos': '10.3', 'oid': 85737387434, 'twap_id': None, 'cloid': '0x1204847ce9871a4f75143573533c825f'}]"
BTC,B,2025-04-11T03:00:04.093934297,80300.0,0.00065,0x0000000000000000000000000000000000000000000000000000000000000000,Na,"[{'user': '0x49a7b983d7c15b326bafe307d02139be171bb99e', 'start_pos': '0.22837', 'oid': 85737391973, 'twap_id': 609362, 'cloid': None}, {'user': '0x45c081b1ca2cd91fd13b8fb8bb8836730d188d2d', 'start_pos': '0.0081', 'oid': 85737386665, 'twap_id': None, 'cloid': '0x0000000000000000021578d09ed56d72'}]"
PAXG,B,2025-04-11T03:00:04.093934297,3248.6,0.112,0x0000000000000000000000000000000000000000000000000000000000000000,Na,"[{'user': '0x9f6fed26339789725b0751f57aeac23367ceee57', 'start_pos': '18.178', 'oid': 85737391974, 'twap_id': 609516, 'cloid': None}, {'user': '0x1dd4af3383fce2ee4a40d9fb6766cbfcce2ddbce', 'start_pos': '0.145', 'oid': 85737388094, 'twap_id': None, 'cloid': '0x00000000000000001cc1cdd4d0792d5d'}]"
PAXG,B,2025-04-11T03:00:04.093934297,3248.7,0.009,0x0000000000000000000000000000000000000000000000000000000000000000,Na,"[{'user': '0x9f6fed26339789725b0751f57aeac23367ceee57', 'start_pos': '18.29', 'oid': 85737391974, 'twap_id': 609516, 'cloid': None}, {'user': '0x31ca8395cf837de08b24da3f660e77761dfb974b', 'start_pos': '1.594', 'oid': 85737385992, 'twap_id': None, 'cloid': None}]"
MERL,B,2025-04-11T03:00:04.093934297,0.08449,210.0,0xb132691772aff0e7b53b04214ff6f8011c0007391cc2bbb7ad6d4f4f56a265df,Na,"[{'user': '0x31ca8395cf837de08b24da3f660e77761dfb974b', 'start_pos': '340540.0', 'oid': 85737392127, 'twap_id': None, 'cloid': None}, {'user': '0xd283996b5c11511ec1514efe722d097f65a88430', 'start_pos': '81383.0', 'oid': 85737352946, 'twap_id': None, 'cloid': '0xedc6d9b5a5b14de0a508cd6bcfd4a404'}]"
HYPE,A,2025-04-11T03:00:04.197598285,14.731,13.58,0x88d65b3f1a8af40f8aea04214ff6fa0201a00000c2c4c6057d84e3515297066d,Na,"[{'user': '0x42885bfee595c7bf079609433fa3f2bc24e72096', 'start_pos': '-6.79', 'oid': 85737390946, 'twap_id': None, 'cloid': '0x00000000000000000000000057cdb8e0'}, {'user': '0xc2d815c6a024f917a36cc798d3c996468b214087', 'start_pos': '0.0', 'oid': 85737393139, 'twap_id': None, 'cloid': None}]"
HYPE,A,2025-04-11T03:00:04.197598285,14.731,25.0,0x88d65b3f1a8af40f8aea04214ff6fa0201a00000c2c4c6057d84e3515297066d,Na,"[{'user': '0x0dd5db9c3748486e747c6a123727f472668cf6ee', 'start_pos': '-25.0', 'oid': 85737391733, 'twap_id': None, 'cloid': '0x0000000000060832000038fa6be21c5b'}, {'user': '0xc2d815c6a024f917a36cc798d3c996468b214087', 'start_pos': '-13.58', 'oid': 85737393139, 'twap_id': None, 'cloid': None}]"
HYPE,A,2025-04-11T03:00:04.197598285,14.731,6.79,0x88d65b3f1a8af40f8aea04214ff6fa0201a00000c2c4c6057d84e3515297066d,Na,"[{'user': '0x744cf47e88d9d0847544f0ac2fa7575cf5925f79', 'start_pos': '0.0', 'oid': 85737391747, 'twap_id': None, 'cloid': '0x00000000000000000000000057cdb8e0'}, {'user': '0xc2d815c6a024f917a36cc798d3c996468b214087', 'start_pos': '-38.58', 'oid': 85737393139, 'twap_id': None, 'cloid': None}]"
HYPE,A,2025-04-11T03:00:04.197598285,14.73,20.36,0x88d65b3f1a8af40f8aea04214ff6fa0201a00000c2c4c6057d84e3515297066d,Na,"[{'user': '0xecb63caa47c7c4e77f60f1ce858cf28dc2b82b00', 'start_pos': '-914109.77', 'oid': 85737391449, 'twap_id': None, 'cloid': '0x6590226b03f63044e62516898e2ada91'}, {'user': '0xc2d815c6a024f917a36cc798d3c996468b214087', 'start_pos': '-45.37', 'oid': 85737393139, 'twap_id': None, 'cloid': None}]"
HYPE,A,2025-04-11T03:00:04.197598285,14.728,242.86,0x88d65b3f1a8af40f8aea04214ff6fa0201a00000c2c4c6057d84e3515297066d,Na,"[{'user': '0x1daf03b72d13a88448129df8b5b38942ae38468f', 'start_pos': '-126.01', 'oid': 85737391255, 'twap_id': None, 'cloid': None}, {'user': '0xc2d815c6a024f917a36cc798d3c996468b214087', 'start_pos': '-65.73', 'oid': 85737393139, 'twap_id': None, 'cloid': None}]"
HYPE,A,2025-04-11T03:00:04.197598285,14.727,54.31,0x88d65b3f1a8af40f8aea04214ff6fa0201a00000c2c4c6057d84e3515297066d,Na,"[{'user': '0xecb63caa47c7c4e77f60f1ce858cf28dc2b82b00', 'start_pos': '-914089.41', 'oid': 85737391451, 'twap_id': None, 'cloid': '0x65915526956c53932106765da7f62136'}, {'user': '0xc2d815c6a024f917a36cc798d3c996468b214087', 'start_pos': '-308.59', 'oid': 85737393139, 'twap_id': None, 'cloid': None}]"
HYPE,A,2025-04-11T03:00:04.197598285,14.726,33.63,0x88d65b3f1a8af40f8aea04214ff6fa0201a00000c2c4c6057d84e3515297066d,Na,"[{'user': '0xee162a5a60829bd346f0c1ac3514b21fe5f4b290', 'start_pos': '2081.75', 'oid': 85737392865, 'twap_id': None, 'cloid': '0x000000000000000060fe1e43c6b02f61'}, {'user': '0xc2d815c6a024f917a36cc798d3c996468b214087', 'start_pos': '-362.9', 'oid': 85737393139, 'twap_id': None, 'cloid': None}]"
HYPE,A,2025-04-11T03:00:04.197598285,14.721,86.46,0x88d65b3f1a8af40f8aea04214ff6fa0201a00000c2c4c6057d84e3515297066d,Na,"[{'user': '0x7b7f72a28fe109fa703eeed7984f2a8a68fedee2', 'start_pos': '1948.34', 'oid': 85737391214, 'twap_id': None, 'cloid': '0x0000000000000000a545ca2296010000'}, {'user': '0xc2d815c6a024f917a36cc798d3c996468b214087', 'start_pos': '-396.53', 'oid': 85737393139, 'twap_id': None, 'cloid': None}]"
HYPE,A,2025-04-11T03:00:04.197598285,14.721,17.22,0x88d65b3f1a8af40f8aea04214ff6fa0201a00000c2c4c6057d84e3515297066d,Na,"[{'user': '0x7b7f72a28fe109fa703eeed7984f2a8a68fedee2', 'start_pos': '2034.8', 'oid': 85737391494, 'twap_id': None, 'cloid': '0x0000000000000000a345ca2296010000'}, {'user': '0xc2d815c6a024f917a36cc798d3c996468b214087', 'start_pos': '-482.99', 'oid': 85737393139, 'twap_id': None, 'cloid': None}]"
HYPE,A,2025-04-11T03:00:04.197598285,14.721,33.63,0x88d65b3f1a8af40f8aea04214ff6fa0201a00000c2c4c6057d84e3515297066d,Na,"[{'user': '0xee162a5a60829bd346f0c1ac3514b21fe5f4b290', 'start_pos': '2115.38', 'oid': 85737391605, 'twap_id': None, 'cloid': '0x000000000000000060fe1e43c6b02e9b'}, {'user': '0xc2d815c6a024f917a36cc798d3c996468b214087', 'start_pos': '-500.21', 'oid': 85737393139, 'twap_id': None, 'cloid': None}]"
HYPE,A,2025-04-11T03:00:04.197598285,14.721,228.69,0x88d65b3f1a8af40f8aea04214ff6fa0201a00000c2c4c6057d84e3515297066d,Na,"[{'user': '0x348e5365acfa48a26ada7da840ca611e29c950ef', 'start_pos': '731.9', 'oid': 85737392901, 'twap_id': None, 'cloid': '0x0000000000000000e0f5526a5cee93bb'}, {'user': '0xc2d815c6a024f917a36cc798d3c996468b214087', 'start_pos': '-533.84', 'oid': 85737393139, 'twap_id': None, 'cloid': None}]"
HYPE,A,2025-04-11T03:00:04.197598285,14.718,75.0,0x88d65b3f1a8af40f8aea04214ff6fa0201a00000c2c4c6057d84e3515297066d,Na,"[{'user': '0xc37114c9a1d5e33e659c4b941cd6fa6c19955d33', 'start_pos': '13198.67', 'oid': 85737392919, 'twap_id': None, 'cloid': '0x52bf2983a2263b90f33be11865a9cb39'}, {'user': '0xc2d815c6a024f917a36cc798d3c996468b214087', 'start_pos': '-762.53', 'oid': 85737393139, 'twap_id': None, 'cloid': None}]"
HYPE,A,2025-04-11T03:00:04.197598285,14.717,39.61,0x88d65b3f1a8af40f8aea04214ff6fa0201a00000c2c4c6057d84e3515297066d,Na,"[{'user': '0xf9109ada2f73c62e9889b45453065f0d99260a2d', 'start_pos': '-12216.03', 'oid': 85737381426, 'twap_id': None, 'cloid': '0x14651d90d41b4b439d6677736b99e189'}, {'user': '0xc2d815c6a024f917a36cc798d3c996468b214087', 'start_pos': '-837.53', 'oid': 85737393139, 'twap_id': None, 'cloid': None}]"
HYPE,A,2025-04-11T03:00:04.197598285,14.716,1.39,0x88d65b3f1a8af40f8aea04214ff6fa0201a00000c2c4c6057d84e3515297066d,Na,"[{'user': '0x162cc7c861ebd0c06b3d72319201150482518185', 'start_pos': '-61803.53', 'oid': 85737338133, 'twap_id': None, 'cloid': '0x00000000000000000b56a2121df43e2e'}, {'user': '0xc2d815c6a024f917a36cc798d3c996468b214087', 'start_pos': '-877.14', 'oid': 85737393139, 'twap_id': None, 'cloid': None}]"
HYPE,A,2025-04-11T03:00:04.197598285,14.716,39.61,0x88d65b3f1a8af40f8aea04214ff6fa0201a00000c2c4c6057d84e3515297066d,Na,"[{'user': '0xf9109ada2f73c62e9889b45453065f0d99260a2d', 'start_pos': '-12176.42', 'oid': 85737369203, 'twap_id': None, 'cloid': '0x0f70f1bee4d342dbbdb8fca0d79376bc'}, {'user': '0xc2d815c6a024f917a36cc798d3c996468b214087', 'start_pos': '-878.53', 'oid': 85737393139, 'twap_id': None, 'cloid': None}]"
HYPE,A,2025-04-11T03:00:04.197598285,14.716,53.9,0x88d65b3f1a8af40f8aea04214ff6fa0201a00000c2c4c6057d84e3515297066d,Na,"[{'user': '0x184afa7754d0fde8db9349bd68286ff3db5bd331', 'start_pos': '-3141.64', 'oid': 85737391044, 'twap_id': None, 'cloid': None}, {'user': '0xc2d815c6a024f917a36cc798d3c996468b214087', 'start_pos': '-918.14', 'oid': 85737393139, 'twap_id': None, 'cloid': None}]"
HYPE,A,2025-04-11T03:00:04.197598285,14.715,39.61,0x88d65b3f1a8af40f8aea04214ff6fa0201a00000c2c4c6057d84e3515297066d,Na,"[{'user': '0xf9109ada2f73c62e9889b45453065f0d99260a2d', 'start_pos': '-12136.81', 'oid': 85737381537, 'twap_id': None, 'cloid': '0xecf64124408a4854a22968ade1adfc1a'}, {'user': '0xc2d815c6a024f917a36cc798d3c996468b214087', 'start_pos': '-972.04', 'oid': 85737393139, 'twap_id': None, 'cloid': None}]"
HYPE,A,2025-04-11T03:00:04.197598285,14.715,75.0,0x88d65b3f1a8af40f8aea04214ff6fa0201a00000c2c4c6057d84e3515297066d,Na,"[{'user': '0xc926ddba8b7617dbc65712f20cf8e1b58b8598d3', 'start_pos': '39914.63', 'oid': 85737391107, 'twap_id': None, 'cloid': '0x0040fb53903a20000000000000000000'}, {'user': '0xc2d815c6a024f917a36cc798d3c996468b214087', 'start_pos': '-1011.65', 'oid': 85737393139, 'twap_id': None, 'cloid': None}]"
HYPE,A,2025-04-11T03:00:04.197598285,14.714,0.99,0x88d65b3f1a8af40f8aea04214ff6fa0201a00000c2c4c6057d84e3515297066d,Na,"[{'user': '0x41175f13688e56516127df9b57bf4451ed66f2a4', 'start_pos': '15.83', 'oid': 85737382947, 'twap_id': None, 'cloid': None}, {'user': '0xc2d815c6a024f917a36cc798d3c996468b214087', 'start_pos': '-1086.65', 'oid': 85737393139, 'twap_id': None, 'cloid': None}]"
HYPE,A,2025-04-11T03:00:04.197598285,14.714,17.22,0x88d65b3f1a8af40f8aea04214ff6fa0201a00000c2c4c6057d84e3515297066d,Na,"[{'user': '0x7b7f72a28fe109fa703eeed7984f2a8a68fedee2', 'start_pos': '2052.02', 'oid': 85737390985, 'twap_id': None, 'cloid': '0x0000000000000000a645ca2296010000'}, {'user': '0xc2d815c6a024f917a36cc798d3c996468b214087', 'start_pos': '-1087.64', 'oid': 85737393139, 'twap_id': None, 'cloid': None}]"
HYPE,A,2025-04-11T03:00:04.197598285,14.714,75.46,0x88d65b3f1a8af40f8aea04214ff6fa0201a00000c2c4c6057d84e3515297066d,Na,"[{'user': '0xdcc16573e30314f7ee5363759a5af33df0dea83e', 'start_pos': '-3636.3', 'oid': 85737391137, 'twap_id': None, 'cloid': None}, {'user': '0xc2d815c6a024f917a36cc798d3c996468b214087', 'start_pos': '-1104.86', 'oid': 85737393139, 'twap_id': None, 'cloid': None}]"
HYPE,A,2025-04-11T03:00:04.197598285,14.714,61.48,0x88d65b3f1a8af40f8aea04214ff6fa0201a00000c2c4c6057d84e3515297066d,Na,"[{'user': '0x7b7f72a28fe109fa703eeed7984f2a8a68fedee2', 'start_pos': '2069.24', 'oid': 85737391716, 'twap_id': None, 'cloid': '0x0000000000000000a745ca2296010000'}, {'user': '0xc2d815c6a024f917a36cc798d3c996468b214087', 'start_pos': '-1180.32', 'oid': 85737393139, 'twap_id': None, 'cloid': None}]"
HYPE,A,2025-04-11T03:00:04.197598285,14.713,33.63,0x88d65b3f1a8af40f8aea04214ff6fa0201a00000c2c4c6057d84e3515297066d,Na,"[{'user': '0xee162a5a60829bd346f0c1ac3514b21fe5f4b290', 'start_pos': '2149.01', 'oid': 85737380524, 'twap_id': None, 'cloid': '0x000000000000000060fe1e43c6b017a3'}, {'user': '0xc2d815c6a024f917a36cc798d3c996468b214087', 'start_pos': '-1241.8', 'oid': 85737393139, 'twap_id': None, 'cloid': None}]"
HYPE,A,2025-04-11T03:00:04.197598285,14.713,228.69,0x88d65b3f1a8af40f8aea04214ff6fa0201a00000c2c4c6057d84e3515297066d,Na,"[{'user': '0x348e5365acfa48a26ada7da840ca611e29c950ef', 'start_pos': '960.59', 'oid': 85737388921, 'twap_id': None, 'cloid': '0x0000000000000000e0f5526a5cee9041'}, {'user': '0xc2d815c6a024f917a36cc798d3c996468b214087', 'start_pos': '-1275.43', 'oid': 85737393139, 'twap_id': None, 'cloid': None}]"
HYPE,A,2025-04-11T03:00:04.197598285,14.711,3.01,0x88d65b3f1a8af40f8aea04214ff6fa0201a00000c2c4c6057d84e3515297066d,Na,"[{'user': '0x4c12a4d76fce5a428805697d00b90baec927b808', 'start_pos': '122.72', 'oid': 85735922792, 'twap_id': None, 'cloid': None}, {'user': '0xc2d815c6a024f917a36cc798d3c996468b214087', 'start_pos': '-1504.12', 'oid': 85737393139, 'twap_id': None, 'cloid': None}]"
HYPE,A,2025-04-11T03:00:04.197598285,14.711,75.0,0x88d65b3f1a8af40f8aea04214ff6fa0201a00000c2c4c6057d84e3515297066d,Na,"[{'user': '0xc926ddba8b7617dbc65712f20cf8e1b58b8598d3', 'start_pos': '39989.63', 'oid': 85737391750, 'twap_id': None, 'cloid': '0x0040fb53905a20000000000000000000'}, {'user': '0xc2d815c6a024f917a36cc798d3c996468b214087', 'start_pos': '-1507.13', 'oid': 85737393139, 'twap_id': None, 'cloid': None}]"
HYPE,A,2025-04-11T03:00:04.197598285,14.709,28.08,0x88d65b3f1a8af40f8aea04214ff6fa0201a00000c2c4c6057d84e3515297066d,Na,"[{'user': '0x7b7f72a28fe109fa703eeed7984f2a8a68fedee2', 'start_pos': '2130.72', 'oid': 85737361712, 'twap_id': None, 'cloid': '0x0000000000000000c40eca2296010000'}, {'user': '0xc2d815c6a024f917a36cc798d3c996468b214087', 'start_pos': '-1582.13', 'oid': 85737393139, 'twap_id': None, 'cloid': None}]"
HYPE,A,2025-04-11T03:00:04.197598285,14.709,17.22,0x88d65b3f1a8af40f8aea04214ff6fa0201a00000c2c4c6057d84e3515297066d,Na,"[{'user': '0x7b7f72a28fe109fa703eeed7984f2a8a68fedee2', 'start_pos': '2158.8', 'oid': 85737361713, 'twap_id': None, 'cloid': '0x0000000000000000c30eca2296010000'}, {'user': '0xc2d815c6a024f917a36cc798d3c996468b214087', 'start_pos': '-1610.21', 'oid': 85737393139, 'twap_id': None, 'cloid': None}]"
HYPE,A,2025-04-11T03:00:04.197598285,14.709,17.0,0x88d65b3f1a8af40f8aea04214ff6fa0201a00000c2c4c6057d84e3515297066d,Na,"[{'user': '0x7b7f72a28fe109fa703eeed7984f2a8a68fedee2', 'start_pos': '2176.02', 'oid': 85737391714, 'twap_id': None, 'cloid': '0x0000000000000000a845ca2296010000'}, {'user': '0xc2d815c6a024f917a36cc798d3c996468b214087', 'start_pos': '-1627.43', 'oid': 85737393139, 'twap_id': None, 'cloid': None}]"
HYPE,A,2025-04-11T03:00:04.197598285,14.708,91.81,0x88d65b3f1a8af40f8aea04214ff6fa0201a00000c2c4c6057d84e3515297066d,Na,"[{'user': '0x12824145da50b64b7efebd1a8dc5cf403a756b2c', 'start_pos': '-1304.78', 'oid': 85737338337, 'twap_id': None, 'cloid': '0x00000000000000000000000000000003'}, {'user': '0xc2d815c6a024f917a36cc798d3c996468b214087', 'start_pos': '-1644.43', 'oid': 85737393139, 'twap_id': None, 'cloid': None}]"
HYPE,A,2025-04-11T03:00:04.197598285,14.708,59.19,0x88d65b3f1a8af40f8aea04214ff6fa0201a00000c2c4c6057d84e3515297066d,Na,"[{'user': '0x12824145da50b64b7efebd1a8dc5cf403a756b2c', 'start_pos': '-1212.97', 'oid': 85737339245, 'twap_id': None, 'cloid': '0x00000000000000000000000000000002'}, {'user': '0xc2d815c6a024f917a36cc798d3c996468b214087', 'start_pos': '-1736.24', 'oid': 85737393139, 'twap_id': None, 'cloid': None}]"
HYPE,A,2025-04-11T03:00:04.197598285,14.708,17.22,0x88d65b3f1a8af40f8aea04214ff6fa0201a00000c2c4c6057d84e3515297066d,Na,"[{'user': '0x7b7f72a28fe109fa703eeed7984f2a8a68fedee2', 'start_pos': '2193.02', 'oid': 85737366625, 'twap_id': None, 'cloid': '0x0000000000000000c916ca2296010000'}, {'user': '0xc2d815c6a024f917a36cc798d3c996468b214087', 'start_pos': '-1795.43', 'oid': 85737393139, 'twap_id': None, 'cloid': None}]"
HYPE,A,2025-04-11T03:00:04.197598285,14.708,3.67,0x88d65b3f1a8af40f8aea04214ff6fa0201a00000c2c4c6057d84e3515297066d,Na,"[{'user': '0x4132c96cc50910656e5e0f23fdb70568cb1443bd', 'start_pos': '-113.35', 'oid': 85737381816, 'twap_id': None, 'cloid': None}, {'user': '0xc2d815c6a024f917a36cc798d3c996468b214087', 'start_pos': '-1812.65', 'oid': 85737393139, 'twap_id': None, 'cloid': None}]"
HYPE,A,2025-04-11T03:00:04.197598285,14.708,71.87,0x88d65b3f1a8af40f8aea04214ff6fa0201a00000c2c4c6057d84e3515297066d,Na,"[{'user': '0x7b7f72a28fe109fa703eeed7984f2a8a68fedee2', 'start_pos': '2210.24', 'oid': 85737383061, 'twap_id': None, 'cloid': '0x00000000000000007837ca2296010000'}, {'user': '0xc2d815c6a024f917a36cc798d3c996468b214087', 'start_pos': '-1816.32', 'oid': 85737393139, 'twap_id': None, 'cloid': None}]"
HYPE,A,2025-04-11T03:00:04.197598285,14.708,53.9,0x88d65b3f1a8af40f8aea04214ff6fa0201a00000c2c4c6057d84e3515297066d,Na,"[{'user': '0x184afa7754d0fde8db9349bd68286ff3db5bd331', 'start_pos': '-3087.74', 'oid': 85737391045, 'twap_id': None, 'cloid': None}, {'user': '0xc2d815c6a024f917a36cc798d3c996468b214087', 'start_pos': '-1888.19', 'oid': 85737393139, 'twap_id': None, 'cloid': None}]"
HYPE,A,2025-04-11T03:00:04.197598285,14.707,228.69,0x88d65b3f1a8af40f8aea04214ff6fa0201a00000c2c4c6057d84e3515297066d,Na,"[{'user': '0x348e5365acfa48a26ada7da840ca611e29c950ef', 'start_pos': '1189.28', 'oid': 85737390088, 'twap_id': None, 'cloid': '0x0000000000000000e0f5526a5cee9061'}, {'user': '0xc2d815c6a024f917a36cc798d3c996468b214087', 'start_pos': '-1942.09', 'oid': 85737393139, 'twap_id': None, 'cloid': None}]"
HYPE,A,2025-04-11T03:00:04.197598285,14.707,829.22,0x88d65b3f1a8af40f8aea04214ff6fa0201a00000c2c4c6057d84e3515297066d,Na,"[{'user': '0xf27ebb91ea420f73b59b205ac7e0b77a90ec8f3c', 'start_pos': '57.71', 'oid': 85737392585, 'twap_id': None, 'cloid': '0x000000000000000008dd77561ccde338'}, {'user': '0xc2d815c6a024f917a36cc798d3c996468b214087', 'start_pos': '-2170.78', 'oid': 85737393139, 'twap_id': None, 'cloid': None}]"
HYPE,A,2025-04-11T03:00:04.602417632,14.736,6.79,0xa9d12cb12793a25859b504214ff6fe0203880096074ae38aeb898b6262c581cf,Na,"[{'user': '0x744cf47e88d9d0847544f0ac2fa7575cf5925f79', 'start_pos': '6.79', 'oid': 85737394115, 'twap_id': None, 'cloid': '0x00000000000000000000000057d55a00'}, {'user': '0x585a06f75cd9d48d39552ba80096c68c51b69d6d', 'start_pos': '-17549.16', 'oid': 85737395040, 'twap_id': None, 'cloid': '0x0000000000000000db1f793518246cd5'}]"
SOL,B,2025-04-11T03:00:04.602417632,114.36,0.87,0x3fd1c1bfa994c7aa0ff204214ff6fe02038f001ddbec85d86d76f6a643316358,Na,"[{'user': '0x3ba3ca83a9873f719f6444e32e95c8e2028e9712', 'start_pos': '17.63', 'oid': 85737395044, 'twap_id': None, 'cloid': None}, {'user': '0xd51c443459cdaf89aaa4451ea904b19e7f060112', 'start_pos': '46.3', 'oid': 85737390328, 'twap_id': None, 'cloid': None}]"
SOL,B,2025-04-11T03:00:04.602417632,114.36,3.5,0x3fd1c1bfa994c7aa0ff204214ff6fe02038f001ddbec85d86d76f6a643316358,Na,"[{'user': '0x3ba3ca83a9873f719f6444e32e95c8e2028e9712', 'start_pos': '18.5', 'oid': 85737395044, 'twap_id': None, 'cloid': None}, {'user': '0xff4cd3826ecee12acd4329aada4a2d3419fc463c', 'start_pos': '71.29', 'oid': 85737392815, 'twap_id': None, 'cloid': '0x00000000000006150092134520401994'}]"
HYPE,A,2025-04-11T03:00:04.602417632,14.735,6.79,0x5210bc82ba007c4e3d9904214ff6fe02039000a651d41dc6844828154281dce8,Na,"[{'user': '0x6f90d048a511626ba5a6425db17f377826df336a', 'start_pos': '1898.9', 'oid': 85737393797, 'twap_id': None, 'cloid': '0x000000000000000000000000068ea8c8'}, {'user': '0x2afe745dfd735e24aae8ac39969140dd0511496b', 'start_pos': '-171.49', 'oid': 85737395045, 'twap_id': None, 'cloid': '0x00000000634c000354dafb27c9c31dcc'}]"
ANIME,B,2025-04-11T03:00:04.701931697,0.014442,2374.0,0x6475bab52a72d57e8ed404214ff6ff01100101ff7ba3f552c902ef743f4fe9a7,Na,"[{'user': '0x31ca8395cf837de08b24da3f660e77761dfb974b', 'start_pos': '808611.0', 'oid': 85737395176, 'twap_id': None, 'cloid': None}, {'user': '0x1dd4af3383fce2ee4a40d9fb6766cbfcce2ddbce', 'start_pos': '243469.0', 'oid': 85737385760, 'twap_id': None, 'cloid': '0x00000000000000001cc1cdd4d079250e'}]"
TAO,B,2025-04-11T03:00:04.760524211,234.74,0.249,0xa020520e59dec17cfdcf04214ff70002037900989fa88fe982ba64e17b596578,Na,"[{'user': '0x162cc7c861ebd0c06b3d72319201150482518185', 'start_pos': '27.187', 'oid': 85737395814, 'twap_id': None, 'cloid': '0x00000000000000000b56a2121df4a095'}, {'user': '0x03c1f8c09cf9c6f1d55bb577ef2a3abce831eb2b', 'start_pos': '86.775', 'oid': 85737372740, 'twap_id': None, 'cloid': '0x62d2e98577da44a285bffbc68357de88'}]"
TAO,B,2025-04-11T03:00:04.760524211,234.74,0.249,0xa020520e59dec17cfdcf04214ff70002037900989fa88fe982ba64e17b596578,Na,"[{'user': '0x162cc7c861ebd0c06b3d72319201150482518185', 'start_pos': '27.436', 'oid': 85737395814, 'twap_id': None, 'cloid': '0x00000000000000000b56a2121df4a095'}, {'user': '0x2f75c1fffffd38afb125df5ec58d66c843e3f4d8', 'start_pos': '271.777', 'oid': 85737372922, 'twap_id': None, 'cloid': '0xef98273069914f1f9c2b899f513049fc'}]"
TAO,B,2025-04-11T03:00:04.760524211,234.74,0.969,0xa020520e59dec17cfdcf04214ff70002037900989fa88fe982ba64e17b596578,Na,"[{'user': '0x162cc7c861ebd0c06b3d72319201150482518185', 'start_pos': '27.685', 'oid': 85737395814, 'twap_id': None, 'cloid': '0x00000000000000000b56a2121df4a095'}, {'user': '0xb5f8a04eb371a14688eef5f1fa76fa82dc16e3b6', 'start_pos': '99.515', 'oid': 85737379337, 'twap_id': None, 'cloid': '0x0f193558bdde4442b055ef0b546419f0'}]"
@107,A,2025-04-11T03:00:04.760524211,14.738,25.0,0x67878b821d835c5e1c6604214ff70002037f0067a1d207cd7b6928a8e4570c9c,Na,"[{'user': '0x8ac0ec32d282d0841f40c4be5a8ecbe0760e59e3', 'start_pos': '15.00453308', 'oid': 85737393867, 'twap_id': None, 'cloid': '0x000000000000000018343d40b1b11499'}, {'user': '0x162cc7c861ebd0c06b3d72319201150482518185', 'start_pos': '66824.39149534', 'oid': 85737395818, 'twap_id': None, 'cloid': '0x000000000000000033d1d30ab5bf2837'}]"
@107,A,2025-04-11T03:00:04.760524211,14.738,339.43,0x67878b821d835c5e1c6604214ff70002037f0067a1d207cd7b6928a8e4570c9c,Na,"[{'user': '0x023a3d058020fb76cca98f01b3c48c8938a22355', 'start_pos': '2196.92449003', 'oid': 85737394621, 'twap_id': None, 'cloid': '0x00000000000008029532202998597101'}, {'user': '0x162cc7c861ebd0c06b3d72319201150482518185', 'start_pos': '66799.39149534', 'oid': 85737395818, 'twap_id': None, 'cloid': '0x000000000000000033d1d30ab5bf2837'}]"
@107,A,2025-04-11T03:00:04.760524211,14.734,50.63,0x705dec8f6077ed6bf2dc04214ff7000203800047dea8f16c9840442848d1c2aa,Na,"[{'user': '0xf9109ada2f73c62e9889b45453065f0d99260a2d', 'start_pos': '60572.75119389', 'oid': 85737395653, 'twap_id': None, 'cloid': '0xea535e31c7dd4cd19196e05e6d4af8d1'}, {'user': '0xc926ddba8b7617dbc65712f20cf8e1b58b8598d3', 'start_pos': '55000.52504982', 'oid': 85737395819, 'twap_id': None, 'cloid': '0x0081f6a7216900000000000000000000'}]"
@107,A,2025-04-11T03:00:04.760524211,14.733,50.63,0x705dec8f6077ed6bf2dc04214ff7000203800047dea8f16c9840442848d1c2aa,Na,"[{'user': '0xf9109ada2f73c62e9889b45453065f0d99260a2d', 'start_pos': '60623.38119389', 'oid': 85737388299, 'twap_id': None, 'cloid': '0xbe83158859bf4e1f9d099e6c6fd5d323'}, {'user': '0xc926ddba8b7617dbc65712f20cf8e1b58b8598d3', 'start_pos': '54949.89504982', 'oid': 85737395819, 'twap_id': None, 'cloid': '0x0081f6a7216900000000000000000000'}]"
@107,A,2025-04-11T03:00:04.760524211,14.73,41.81,0x705dec8f6077ed6bf2dc04214ff7000203800047dea8f16c9840442848d1c2aa,Na,"[{'user': '0xf9109ada2f73c62e9889b45453065f0d99260a2d', 'start_pos': '60674.01119389', 'oid': 85737381509, 'twap_id': None, 'cloid': '0xec63600c0eaa42e8aa86f0b1ceb0d6de'}, {'user': '0xc926ddba8b7617dbc65712f20cf8e1b58b8598d3', 'start_pos': '54899.26504982', 'oid': 85737395819, 'twap_id': None, 'cloid': '0x0081f6a7216900000000000000000000'}]"
@107,A,2025-04-11T03:00:04.760524211,14.729,5.67,0x705dec8f6077ed6bf2dc04214ff7000203800047dea8f16c9840442848d1c2aa,Na,"[{'user': '0xcbbbe949af94cafe431dac97c8679425a0fbcdc2', 'start_pos': '970.29939582', 'oid': 85737364075, 'twap_id': None, 'cloid': '0xf3ec34f8391502cc1533cab5c097499a'}, {'user': '0xc926ddba8b7617dbc65712f20cf8e1b58b8598d3', 'start_pos': '54857.45504982', 'oid': 85737395819, 'twap_id': None, 'cloid': '0x0081f6a7216900000000000000000000'}]"
@107,A,2025-04-11T03:00:04.760524211,14.726,1.26,0x705dec8f6077ed6bf2dc04214ff7000203800047dea8f16c9840442848d1c2aa,Na,"[{'user': '0x162cc7c861ebd0c06b3d72319201150482518185', 'start_pos': '66459.96149534', 'oid': 85737389041, 'twap_id': None, 'cloid': '0x000000000000000033d1d30ab5bf2289'}, {'user': '0xc926ddba8b7617dbc65712f20cf8e1b58b8598d3', 'start_pos': '54851.78504982', 'oid': 85737395819, 'twap_id': None, 'cloid': '0x0081f6a7216900000000000000000000'}]"
AAVE,B,2025-04-11T03:00:04.843975192,134.86,1.74,0x947001eb2d0b8ab5e64d04214ff701010f0101e1483fb26bfd0cc7bb684aa50e,Na,"[{'user': '0x31ca8395cf837de08b24da3f660e77761dfb974b', 'start_pos': '-1065.02', 'oid': 85737395974, 'twap_id': None, 'cloid': None}, {'user': '0x79e8b26a0daff86a3a78aae703933b62e488d628', 'start_pos': '-243.3', 'oid': 85737379774, 'twap_id': None, 'cloid': '0x8eefa92d72cc4783991a6066e0e885b9'}]"
AAVE,B,2025-04-11T03:00:04.843975192,134.86,0.37,0x947001eb2d0b8ab5e64d04214ff701010f0101e1483fb26bfd0cc7bb684aa50e,Na,"[{'user': '0x31ca8395cf837de08b24da3f660e77761dfb974b', 'start_pos': '-1063.28', 'oid': 85737395974, 'twap_id': None, 'cloid': None}, {'user': '0x0701363ed0a7809b2b8ca7e22aaccea4a670216c', 'start_pos': '65.87', 'oid': 85737380444, 'twap_id': None, 'cloid': '0x41ea90825c434dfca967e77edfd39edc'}]"
TRB,A,2025-04-11T03:00:04.970026938,22.387,0.88,0x11636fd3166dbd368ac404214ff70302024b004ee81cb50badbff716e659e192,Na,"[{'user': '0x03b9a189e2480d1e4c3007080b29f362282130fa', 'start_pos': '0.38', 'oid': 85737395330, 'twap_id': None, 'cloid': '0x43ee097a6985eb07d38b74f567b0b706'}, {'user': '0x010461c14e146ac35fe42271bdc1134ee31c703a', 'start_pos': '1889.31', 'oid': 85737396504, 'twap_id': None, 'cloid': None}]"
BTC,B,2025-04-11T03:00:04.970026938,80300.0,0.00421,0x3bb49b550ad83db8bc6a04214ff7030202630008f1f122e54aba1fabb5654096,Na,"[{'user': '0x010461c14e146ac35fe42271bdc1134ee31c703a', 'start_pos': '3.6456', 'oid': 85737396519, 'twap_id': None, 'cloid': None}, {'user': '0x45c081b1ca2cd91fd13b8fb8bb8836730d188d2d', 'start_pos': '0.00745', 'oid': 85737386665, 'twap_id': None, 'cloid': '0x0000000000000000021578d09ed56d72'}]"
HYPE,B,2025-04-11T03:00:05.044871701,14.736,1.11,0x0000000000000000000000000000000000000000000000000000000000000000,Na,"[{'user': '0xa7be15130a88b8add56d31a6363ea8a7d98f9888', 'start_pos': '295.32', 'oid': 85737396537, 'twap_id': 608104, 'cloid': None}, {'user': '0x0dd5db9c3748486e747c6a123727f472668cf6ee', 'start_pos': '0.0', 'oid': 85737396216, 'twap_id': None, 'cloid': '0x0000000000060836000038fa6be21c5b'}]"
BTC,B,2025-04-11T03:00:05.044871701,80301.0,0.00014,0x0000000000000000000000000000000000000000000000000000000000000000,Na,"[{'user': '0xde22d8f03792ea1182c55bc098bc8d128275c951', 'start_pos': '0.39191', 'oid': 85737396538, 'twap_id': 609545, 'cloid': None}, {'user': '0xecb63caa47c7c4e77f60f1ce858cf28dc2b82b00', 'start_pos': '-601.19226', 'oid': 85737387497, 'twap_id': None, 'cloid': '0x90007d042adc5b34619be7798e8b9082'}]"
COMP,B,2025-04-11T03:00:05.044871701,40.205,2.93,0x6cfb39a3295c3b3acc4804214ff704010c00734675cda113a2b92f3e8d06f051,Na,"[{'user': '0x31ca8395cf837de08b24da3f660e77761dfb974b', 'start_pos': '-282.3', 'oid': 85737396599, 'twap_id': None, 'cloid': None}, {'user': '0x35f13dc71426d4a429cf8bad69c4b39abbbf9896', 'start_pos': '376.32', 'oid': 85737361363, 'twap_id': None, 'cloid': '0xe3ce9bc61e4a48108f6abbb5e0b21c3c'}]"
GMT,B,2025-04-11T03:00:05.113824241,0.043253,3454.0,0xec99c7489ce6be002a3c04214ff705020111000183dc526d0347065902b5e509,Na,"[{'user': '0x21ff1b48bd358698bfdf853e71cafb761b5d2b7d', 'start_pos': '-513202.0', 'oid': 85737396912, 'twap_id': None, 'cloid': '0x6ae93fe48cd346af9f87e9f6f1bd22f0'}, {'user': '0x010461c14e146ac35fe42271bdc1134ee31c703a', 'start_pos': '758171.0', 'oid': 85737374320, 'twap_id': None, 'cloid': None}]"
RENDER,A,2025-04-11T03:00:05.113824241,3.6066,3.8,0x5077357a743cbd9c303a04214ff70502011200386c7bf26065e3f5bddcdc5397,Na,"[{'user': '0xdcac85ecae7148886029c20e661d848a4de99ce2', 'start_pos': '-1314.7', 'oid': 85737396114, 'twap_id': None, 'cloid': None}, {'user': '0x94d3e1fc41121b98cff51468710366a9140e1e8b', 'start_pos': '457.6', 'oid': 85737396913, 'twap_id': None, 'cloid': '0x3d942d766de24d909ce486688042f3a8'}]"
COMP,B,2025-04-11T03:00:05.171671642,40.205,3.02,0xc458d414f81558a09cf904214ff70602033700da7fcda88ec6bc8ab0194a8b04,Na,"[{'user': '0x010461c14e146ac35fe42271bdc1134ee31c703a', 'start_pos': '381.49', 'oid': 85737397824, 'twap_id': None, 'cloid': None}, {'user': '0x35f13dc71426d4a429cf8bad69c4b39abbbf9896', 'start_pos': '373.39', 'oid': 85737361363, 'twap_id': None, 'cloid': '0xe3ce9bc61e4a48108f6abbb5e0b21c3c'}]"
IOTA,B,2025-04-11T03:00:05.171671642,0.15929,7011.0,0xf40cce53309e00fa46eb04214ff70602034100da8784e3b12d46ea82e9e9c8f0,Na,"[{'user': '0x010461c14e146ac35fe42271bdc1134ee31c703a', 'start_pos': '288139.0', 'oid': 85737397828, 'twap_id': None, 'cloid': None}, {'user': '0x0b891f9dbd3b164fab14a36f85542a6f43340441', 'start_pos': '-20558.0', 'oid': 85737379734, 'twap_id': None, 'cloid': '0x0017030771d2002700ac62c4c3b60000'}]"
IOTA,B,2025-04-11T03:00:05.246227327,0.15929,2405.0,0x7ed71564961f4e1e668f04214ff707010d0101ffbf50796439e4a5a4e35ab726,Na,"[{'user': '0x31ca8395cf837de08b24da3f660e77761dfb974b', 'start_pos': '-371899.0', 'oid': 85737397962, 'twap_id': None, 'cloid': None}, {'user': '0x0b891f9dbd3b164fab14a36f85542a6f43340441', 'start_pos': '-27569.0', 'oid': 85737379734, 'twap_id': None, 'cloid': '0x0017030771d2002700ac62c4c3b60000'}]"
PAXG,A,2025-04-11T03:00:05.377894527,3245.9,1.0,0x4309302835d2aa4c5d4e04214ff70902022b00c9cf791ff4d5061814e5682443,Na,"[{'user': '0x90a6056ccc0c79d29cb926a2ee6771b2fd20b482', 'start_pos': '-29.031', 'oid': 85737397346, 'twap_id': None, 'cloid': '0x13460360851913000000000000130726'}, {'user': '0x9fc615dd7eb5eab434fc0d883d0dc047b8b7aee8', 'start_pos': '1.0', 'oid': 85737398581, 'twap_id': None, 'cloid': None}]"
SOL,B,2025-04-11T03:00:05.377894527,114.36,26.24,0x822c2ae9fe8f0c5b2ea504214ff70902023c00b86260ba6fa1f435d821a86ff1,Na,"[{'user': '0x742829437b33698094ef69fed9fcad2ed54fb797', 'start_pos': '-361.94', 'oid': 85737398591, 'twap_id': None, 'cloid': '0xc6f44b0d8e234364b5b7ec3f5f2f69f8'}, {'user': '0xff4cd3826ecee12acd4329aada4a2d3419fc463c', 'start_pos': '67.79', 'oid': 85737392815, 'twap_id': None, 'cloid': '0x00000000000006150092134520401994'}]"
@107,A,2025-04-11T03:00:05.573623014,14.74,14.98,0x831a48f4cc1e19af196404214ff70c0202b000b03a3edc333878c30017112751,Na,"[{'user': '0xdcac85ecae7148886029c20e661d848a4de99ce2', 'start_pos': '44869.60882079', 'oid': 85737398362, 'twap_id': None, 'cloid': None}, {'user': '0x8ac0ec32d282d0841f40c4be5a8ecbe0760e59e3', 'start_pos': '40.00453308', 'oid': 85737399238, 'twap_id': None, 'cloid': '0x000000000000000018343d40b1b1149f'}]"
ETHFI,A,2025-04-11T03:00:05.849448375,0.47119,43.4,0x21362c26945477f232a204214ff710010a009e51f7097b93f57985eab13f4214,Na,"[{'user': '0x23b34ebc43b78df9f15fd7409763e16470d907ea', 'start_pos': '-2.4', 'oid': 85737399046, 'twap_id': None, 'cloid': '0x005b093737a00057001c089c6b470000'}, {'user': '0x31ca8395cf837de08b24da3f660e77761dfb974b', 'start_pos': '-237421.1', 'oid': 85737399854, 'twap_id': None, 'cloid': None}]"
PIXEL,B,2025-04-11T03:00:05.849448375,0.023472,805.0,0xe78dd64046484896436304214ff710010b0040624dd0e366103f3865b3fb90ab,Na,"[{'user': '0x31ca8395cf837de08b24da3f660e77761dfb974b', 'start_pos': '-5227817.0', 'oid': 85737399855, 'twap_id': None, 'cloid': None}, {'user': '0x2160a34a69d4537831b4d3e011808cc82ddf7495', 'start_pos': '195777.0', 'oid': 85737398855, 'twap_id': None, 'cloid': None}]"
HYPE,A,2025-04-11T03:00:05.916589548,14.725,1.39,0xed1724010914f036f7fa04214ff71101e200cf5a68c229918ac078c5d0ecd850,Na,"[{'user': '0x162cc7c861ebd0c06b3d72319201150482518185', 'start_pos': '-61802.14', 'oid': 85737395726, 'twap_id': None, 'cloid': '0x00000000000000000b56a2121df4a35c'}, {'user': '0xee162a5a60829bd346f0c1ac3514b21fe5f4b290', 'start_pos': '2182.64', 'oid': 85737399993, 'twap_id': None, 'cloid': '0x000000000000000060fe1e43c6b0336b'}]"
HYPE,A,2025-04-11T03:00:05.916589548,14.723,53.87,0xed1724010914f036f7fa04214ff71101e200cf5a68c229918ac078c5d0ecd850,Na,"[{'user': '0x184afa7754d0fde8db9349bd68286ff3db5bd331', 'start_pos': '-3033.84', 'oid': 85737399690, 'twap_id': None, 'cloid': None}, {'user': '0xee162a5a60829bd346f0c1ac3514b21fe5f4b290', 'start_pos': '2181.25', 'oid': 85737399993, 'twap_id': None, 'cloid': '0x000000000000000060fe1e43c6b0336b'}]"
HYPE,A,2025-04-11T03:00:05.973139517,14.722,1.61,0x9e11ea5b4cf8c935fd3e04214ff7120202530064364df7c639e37df318011021,Na,"[{'user': '0xd487e26c62ed8c28ce3cc70b5791e501c2934982', 'start_pos': '-113186.5', 'oid': 85737398129, 'twap_id': None, 'cloid': '0x5800632edf58617b0538c283d40d1045'}, {'user': '0xee162a5a60829bd346f0c1ac3514b21fe5f4b290', 'start_pos': '2127.38', 'oid': 85737400458, 'twap_id': None, 'cloid': '0x000000000000000060fe1e43c6b03391'}]"
HYPE,A,2025-04-11T03:00:05.973139517,14.72,53.65,0x9e11ea5b4cf8c935fd3e04214ff7120202530064364df7c639e37df318011021,Na,"[{'user': '0xdcc16573e30314f7ee5363759a5af33df0dea83e', 'start_pos': '-3560.84', 'oid': 85737398813, 'twap_id': None, 'cloid': None}, {'user': '0xee162a5a60829bd346f0c1ac3514b21fe5f4b290', 'start_pos': '2125.77', 'oid': 85737400458, 'twap_id': None, 'cloid': '0x000000000000000060fe1e43c6b03391'}]"
BTC,B,2025-04-11T03:00:05.973139517,80301.0,0.00019,0x45747aa6d2f2e119d2c904214ff71202025f009fc412b2cb8fd95e92181eb85a,Na,"[{'user': '0xb3a38662575bdf1541013ce987934dba919851ea', 'start_pos': '0.00023', 'oid': 85737400466, 'twap_id': None, 'cloid': '0x00000000000000000ee893ac44fb4029'}, {'user': '0xecb63caa47c7c4e77f60f1ce858cf28dc2b82b00', 'start_pos': '-601.1924', 'oid': 85737387497, 'twap_id': None, 'cloid': '0x90007d042adc5b34619be7798e8b9082'}]"
BTC,B,2025-04-11T03:00:05.973139517,80301.0,0.00019,0x28b6f8c1cd5bb1c5074e04214ff71202026000328bb8fd36ec629c2b074f8223,Na,"[{'user': '0x162cc7c861ebd0c06b3d72319201150482518185', 'start_pos': '-60.19213', 'oid': 85737400467, 'twap_id': None, 'cloid': '0x00000000000000000b56a2121df4a54f'}, {'user': '0xecb63caa47c7c4e77f60f1ce858cf28dc2b82b00', 'start_pos': '-601.19259', 'oid': 85737387497, 'twap_id': None, 'cloid': '0x90007d042adc5b34619be7798e8b9082'}]"
BTC,B,2025-04-11T03:00:05.973139517,80301.0,0.00019,0xe7c0ed4ab3ca1f55cdab04214ff71202026100d35d34281dd1f1b87a073f4a62,Na,"[{'user': '0xb4321b142b2a03ce20fcab2007ff6990b9acba93', 'start_pos': '-0.0066', 'oid': 85737400468, 'twap_id': None, 'cloid': '0x0000000000000000de5c5df1b0a33926'}, {'user': '0xecb63caa47c7c4e77f60f1ce858cf28dc2b82b00', 'start_pos': '-601.19278', 'oid': 85737387497, 'twap_id': None, 'cloid': '0x90007d042adc5b34619be7798e8b9082'}]"
CRV,B,2025-04-11T03:00:06.053009537,0.5914,27.7,0x0000000000000000000000000000000000000000000000000000000000000000,Na,"[{'user': '0x589736e1d18b24b1178ef6565f93e219e304798f', 'start_pos': '30307.1', 'oid': 85737400473, 'twap_id': 608938, 'cloid': None}, {'user': '0xecb63caa47c7c4e77f60f1ce858cf28dc2b82b00', 'start_pos': '-691352.4', 'oid': 85737399893, 'twap_id': None, 'cloid': '0x6570a484cd3ca5398cba278ecebd85e3'}]"
HYPE,B,2025-04-11T03:00:06.053009537,14.726,8.36,0x0000000000000000000000000000000000000000000000000000000000000000,Na,"[{'user': '0xa7be15130a88b8add56d31a6363ea8a7d98f9888', 'start_pos': '296.43', 'oid': 85737400474, 'twap_id': 609647, 'cloid': None}, {'user': '0x6f90d048a511626ba5a6425db17f377826df336a', 'start_pos': '1905.69', 'oid': 85737399217, 'twap_id': None, 'cloid': '0x000000000000000000000000068ea8cf'}]"
CRV,A,2025-04-11T03:00:06.053009537,0.5908,1270.1,0x0000000000000000000000000000000000000000000000000000000000000000,Na,"[{'user': '0x010461c14e146ac35fe42271bdc1134ee31c703a', 'start_pos': '-239076.8', 'oid': 85737398889, 'twap_id': None, 'cloid': None}, {'user': '0xb0fbfefc6c325964d0ffc3f909bdda80b8421326', 'start_pos': '-53114.7', 'oid': 85737400475, 'twap_id': 609657, 'cloid': None}]"
CRV,A,2025-04-11T03:00:06.053009537,0.5908,234.1,0x0000000000000000000000000000000000000000000000000000000000000000,Na,"[{'user': '0xe778da1e2285d712d7de5d12ab017296d9ce3fe9', 'start_pos': '-1004.9', 'oid': 85737399858, 'twap_id': None, 'cloid': '0x833ff91c70784e3ba1cd8b911534b167'}, {'user': '0xb0fbfefc6c325964d0ffc3f909bdda80b8421326', 'start_pos': '-54384.8', 'oid': 85737400475, 'twap_id': 609657, 'cloid': None}]"
CRV,A,2025-04-11T03:00:06.053009537,0.5908,233.5,0x0000000000000000000000000000000000000000000000000000000000000000,Na,"[{'user': '0x4334ff1dd9fa46667b718a6f8a489c3d0079b44b', 'start_pos': '-85595.9', 'oid': 85737399870, 'twap_id': None, 'cloid': '0x9a56648d8c7b42229e62d840adc6641e'}, {'user': '0xb0fbfefc6c325964d0ffc3f909bdda80b8421326', 'start_pos': '-54618.9', 'oid': 85737400475, 'twap_id': 609657, 'cloid': None}]"
CRV,A,2025-04-11T03:00:06.053009537,0.59079,184.4,0x0000000000000000000000000000000000000000000000000000000000000000,Na,"[{'user': '0xb0d5ef823c1c215d28db12b8264c2a4ffea141ef', 'start_pos': '-37778.9', 'oid': 85737394726, 'twap_id': None, 'cloid': '0xa77ece7b66374a72a0715f2a3310eeaa'}, {'user': '0xb0fbfefc6c325964d0ffc3f909bdda80b8421326', 'start_pos': '-54852.4', 'oid': 85737400475, 'twap_id': 609657, 'cloid': None}]"
CRV,A,2025-04-11T03:00:06.053009537,0.59079,185.3,0x0000000000000000000000000000000000000000000000000000000000000000,Na,"[{'user': '0xd283996b5c11511ec1514efe722d097f65a88430', 'start_pos': '-6872.3', 'oid': 85737394950, 'twap_id': None, 'cloid': '0xa2e4853a5039471a8095ec2a3beb8045'}, {'user': '0xb0fbfefc6c325964d0ffc3f909bdda80b8421326', 'start_pos': '-55036.8', 'oid': 85737400475, 'twap_id': 609657, 'cloid': None}]"
CRV,A,2025-04-11T03:00:06.053009537,0.59078,31.5,0x0000000000000000000000000000000000000000000000000000000000000000,Na,"[{'user': '0x3112bb1cc9135df076c31ad4eab75d6da1e5a2b6', 'start_pos': '-9744.0', 'oid': 85737391381, 'twap_id': None, 'cloid': '0xbeee2bc7b2a74bf39ce3ce670e6d09ff'}, {'user': '0xb0fbfefc6c325964d0ffc3f909bdda80b8421326', 'start_pos': '-55222.1', 'oid': 85737400475, 'twap_id': 609657, 'cloid': None}]"
CRV,A,2025-04-11T03:00:06.053009537,0.59075,811.9,0x0000000000000000000000000000000000000000000000000000000000000000,Na,"[{'user': '0x010461c14e146ac35fe42271bdc1134ee31c703a', 'start_pos': '-237806.7', 'oid': 85737400167, 'twap_id': None, 'cloid': None}, {'user': '0xb0fbfefc6c325964d0ffc3f909bdda80b8421326', 'start_pos': '-55253.6', 'oid': 85737400475, 'twap_id': 609657, 'cloid': None}]"
@107,B,2025-04-11T03:00:06.053009537,14.733,7.67,0x0000000000000000000000000000000000000000000000000000000000000000,Na,"[{'user': '0x5a40a3963a4cccc1ac30cf5b0ecc1cc8108b4dd0', 'start_pos': '181.49008294', 'oid': 85737400476, 'twap_id': 609691, 'cloid': None}, {'user': '0x162cc7c861ebd0c06b3d72319201150482518185', 'start_pos': '66461.22149534', 'oid': 85737399884, 'twap_id': None, 'cloid': '0x000000000000000033d1d30ab5bf2d81'}]"
PIXEL,B,2025-04-11T03:00:06.376584632,0.023462,654.0,0xb1afa5d42ff4cf4c259d04214ff7180205f900a1b1e0183ecb86fc3c47d04120,Na,"[{'user': '0x010461c14e146ac35fe42271bdc1134ee31c703a', 'start_pos': '5328037.0', 'oid': 85737402363, 'twap_id': None, 'cloid': None}, {'user': '0xe34d21d1980082c6dd1c2d7be6315187dfe4a718', 'start_pos': '70885.0', 'oid': 85737401523, 'twap_id': None, 'cloid': '0x2452f1145cd23fcaf037eedc3be39da8'}]"
MOODENG,A,2025-04-11T03:00:06.455156600,0.024068,681.0,0x436aade9386b84c8133204214ff719011c00036fc24797cb3aad8aa206bf20d6,Na,"[{'user': '0xecb63caa47c7c4e77f60f1ce858cf28dc2b82b00', 'start_pos': '1312755.0', 'oid': 85737400429, 'twap_id': None, 'cloid': '0x6410233ec9b90c0881226bbf44970f8d'}, {'user': '0x31ca8395cf837de08b24da3f660e77761dfb974b', 'start_pos': '-1133120.0', 'oid': 85737402768, 'twap_id': None, 'cloid': None}]"
SOL,B,2025-04-11T03:00:06.932093889,114.36,50.0,0x5a54b3de584de571ef4c04214ff71f02016300bcc8f52c8213518f6833f7e642,Na,"[{'user': '0x7b7f72a28fe109fa703eeed7984f2a8a68fedee2', 'start_pos': '-4169.84', 'oid': 85737405916, 'twap_id': None, 'cloid': '0x0000000000000000574fca2296010000'}, {'user': '0xaca2d79168f9e9072c089e5f7d6eb0daefc13915', 'start_pos': '0.0', 'oid': 85737404220, 'twap_id': None, 'cloid': '0x000000000000b5f0000024c5a7b81c65'}]"
SOL,B,2025-04-11T03:00:06.932093889,114.36,50.0,0x5a54b3de584de571ef4c04214ff71f02016300bcc8f52c8213518f6833f7e642,Na,"[{'user': '0x7b7f72a28fe109fa703eeed7984f2a8a68fedee2', 'start_pos': '-4119.84', 'oid': 85737405916, 'twap_id': None, 'cloid': '0x0000000000000000574fca2296010000'}, {'user': '0x0b83bc39c98335a4ac56999c4ee89053cdb0508a', 'start_pos': '24.84', 'oid': 85737404222, 'twap_id': None, 'cloid': '0x000000000000a7f90000091c6c4e1c25'}]"
SOL,B,2025-04-11T03:00:06.932093889,114.36,419.75,0x5a54b3de584de571ef4c04214ff71f02016300bcc8f52c8213518f6833f7e642,Na,"[{'user': '0x7b7f72a28fe109fa703eeed7984f2a8a68fedee2', 'start_pos': '-4069.84', 'oid': 85737405916, 'twap_id': None, 'cloid': '0x0000000000000000574fca2296010000'}, {'user': '0x21b5eb0ca859383f7d8b6906cddb115e92e80913', 'start_pos': '209.89', 'oid': 85737404346, 'twap_id': None, 'cloid': '0xfffffffffffffffffffffffd565c7d00'}]"
SOL,B,2025-04-11T03:00:06.932093889,114.36,250.27,0x5a54b3de584de571ef4c04214ff71f02016300bcc8f52c8213518f6833f7e642,Na,"[{'user': '0x7b7f72a28fe109fa703eeed7984f2a8a68fedee2', 'start_pos': '-3650.09', 'oid': 85737405916, 'twap_id': None, 'cloid': '0x0000000000000000574fca2296010000'}, {'user': '0xf6fb1452dffd2535ad6b506bb9d763864e048fb0', 'start_pos': '209.89', 'oid': 85737404546, 'twap_id': None, 'cloid': '0xfffffffffffffffffffffffd565c7d00'}]"
OM,A,2025-04-11T03:00:07.033795838,6.4578,16.6,0x0000000000000000000000000000000000000000000000000000000000000000,Na,"[{'user': '0x79e8b26a0daff86a3a78aae703933b62e488d628', 'start_pos': '75781.0', 'oid': 85737369085, 'twap_id': None, 'cloid': '0x58f3b219814e4e1e85bfaf1b5b60377f'}, {'user': '0x9ff58991f258190b6fe4c73d401c564223ce6361', 'start_pos': '-137421.6', 'oid': 85737405918, 'twap_id': 609215, 'cloid': None}]"
@107,A,2025-04-11T03:00:07.033795838,14.728,16.61,0x0000000000000000000000000000000000000000000000000000000000000000,Na,"[{'user': '0x8ac0ec32d282d0841f40c4be5a8ecbe0760e59e3', 'start_pos': '25.02453308', 'oid': 85737404906, 'twap_id': None, 'cloid': '0x000000000000000018343d40b1b114ad'}, {'user': '0xefd3ab65915e35105caa462442c9ecc1346728df', 'start_pos': '9825.09163788', 'oid': 85737405919, 'twap_id': 609538, 'cloid': None}]"
SOL,B,2025-04-11T03:00:07.033795838,114.36,169.48,0xd9101b9c08324d8b3fee04214ff72002030d00b11f97e65ba15c9ef978e2aae8,Na,"[{'user': '0x7b7f72a28fe109fa703eeed7984f2a8a68fedee2', 'start_pos': '-3399.82', 'oid': 85737406642, 'twap_id': None, 'cloid': '0x0000000000000000514fca2296010000'}, {'user': '0xf6fb1452dffd2535ad6b506bb9d763864e048fb0', 'start_pos': '-40.38', 'oid': 85737404546, 'twap_id': None, 'cloid': '0xfffffffffffffffffffffffd565c7d00'}]"
SOL,B,2025-04-11T03:00:07.033795838,114.36,20.99,0xd9101b9c08324d8b3fee04214ff72002030d00b11f97e65ba15c9ef978e2aae8,Na,"[{'user': '0x7b7f72a28fe109fa703eeed7984f2a8a68fedee2', 'start_pos': '-3230.34', 'oid': 85737406642, 'twap_id': None, 'cloid': '0x0000000000000000514fca2296010000'}, {'user': '0x744cf47e88d9d0847544f0ac2fa7575cf5925f79', 'start_pos': '38.86', 'oid': 85737404627, 'twap_id': None, 'cloid': '0xfffffffffffffffffffffffd565c7d00'}]"
SOL,B,2025-04-11T03:00:07.033795838,114.36,349.77,0xd9101b9c08324d8b3fee04214ff72002030d00b11f97e65ba15c9ef978e2aae8,Na,"[{'user': '0x7b7f72a28fe109fa703eeed7984f2a8a68fedee2', 'start_pos': '-3209.35', 'oid': 85737406642, 'twap_id': None, 'cloid': '0x0000000000000000514fca2296010000'}, {'user': '0xb4d6fe0f1504a55c65a986ef55b9148a6f0dae7a', 'start_pos': '174.83', 'oid': 85737404654, 'twap_id': None, 'cloid': '0xb4d6fe0f1cb60cb63b9894ea4eed0f70'}]"
SOL,B,2025-04-11T03:00:07.033795838,114.36,26.25,0xd9101b9c08324d8b3fee04214ff72002030d00b11f97e65ba15c9ef978e2aae8,Na,"[{'user': '0x7b7f72a28fe109fa703eeed7984f2a8a68fedee2', 'start_pos': '-2859.58', 'oid': 85737406642, 'twap_id': None, 'cloid': '0x0000000000000000514fca2296010000'}, {'user': '0xecb63caa47c7c4e77f60f1ce858cf28dc2b82b00', 'start_pos': '-30928.77', 'oid': 85737404686, 'twap_id': None, 'cloid': '0x5120f4de1a9a7c0cb93f6885b17bc47b'}]"
SOL,B,2025-04-11T03:00:07.033795838,114.36,20.0,0xd9101b9c08324d8b3fee04214ff72002030d00b11f97e65ba15c9ef978e2aae8,Na,"[{'user': '0x7b7f72a28fe109fa703eeed7984f2a8a68fedee2', 'start_pos': '-2833.33', 'oid': 85737406642, 'twap_id': None, 'cloid': '0x0000000000000000514fca2296010000'}, {'user': '0xcb364ba897f37fe13ad8df0c6b9ac7625e9f3757', 'start_pos': '53.34', 'oid': 85737404963, 'twap_id': None, 'cloid': '0x000000000000000000063277e64e3f38'}]"
SOL,B,2025-04-11T03:00:07.033795838,114.36,20.0,0xd9101b9c08324d8b3fee04214ff72002030d00b11f97e65ba15c9ef978e2aae8,Na,"[{'user': '0x7b7f72a28fe109fa703eeed7984f2a8a68fedee2', 'start_pos': '-2813.33', 'oid': 85737406642, 'twap_id': None, 'cloid': '0x0000000000000000514fca2296010000'}, {'user': '0x654086857e1fad6dcf05cf6695cce51ea3984268', 'start_pos': '53.55', 'oid': 85737404964, 'twap_id': None, 'cloid': '0x000000000000000000063277e64e3f61'}]"
SOL,B,2025-04-11T03:00:07.033795838,114.36,25.0,0xd9101b9c08324d8b3fee04214ff72002030d00b11f97e65ba15c9ef978e2aae8,Na,"[{'user': '0x7b7f72a28fe109fa703eeed7984f2a8a68fedee2', 'start_pos': '-2793.33', 'oid': 85737406642, 'twap_id': None, 'cloid': '0x0000000000000000514fca2296010000'}, {'user': '0x06297d95ec2f1f75679d7b43b64698bbe7d71301', 'start_pos': '89.42', 'oid': 85737404968, 'twap_id': None, 'cloid': '0x000000000000000000063277e64e3f3a'}]"
SOL,B,2025-04-11T03:00:07.033795838,114.36,138.53,0xd9101b9c08324d8b3fee04214ff72002030d00b11f97e65ba15c9ef978e2aae8,Na,"[{'user': '0x7b7f72a28fe109fa703eeed7984f2a8a68fedee2', 'start_pos': '-2768.33', 'oid': 85737406642, 'twap_id': None, 'cloid': '0x0000000000000000514fca2296010000'}, {'user': '0x42885bfee595c7bf079609433fa3f2bc24e72096', 'start_pos': '210.04', 'oid': 85737404974, 'twap_id': None, 'cloid': '0xfffffffffffffffffffffffd565c7d00'}]"
SOL,B,2025-04-11T03:00:07.033795838,114.36,281.37,0x02cfd074b4b561a7d8a304214ff72002030e0018d3a33755c93f58293d0eee4d,Na,"[{'user': '0x7b7f72a28fe109fa703eeed7984f2a8a68fedee2', 'start_pos': '-2629.8', 'oid': 85737406643, 'twap_id': None, 'cloid': '0x0000000000000000554fca2296010000'}, {'user': '0x42885bfee595c7bf079609433fa3f2bc24e72096', 'start_pos': '71.51', 'oid': 85737404974, 'twap_id': None, 'cloid': '0xfffffffffffffffffffffffd565c7d00'}]"
SOL,B,2025-04-11T03:00:07.033795838,114.36,1.09,0x02cfd074b4b561a7d8a304214ff72002030e0018d3a33755c93f58293d0eee4d,Na,"[{'user': '0x7b7f72a28fe109fa703eeed7984f2a8a68fedee2', 'start_pos': '-2348.43', 'oid': 85737406643, 'twap_id': None, 'cloid': '0x0000000000000000554fca2296010000'}, {'user': '0xa2c90cce08c964cdf7de95c162b7984f49e87517', 'start_pos': '2.76', 'oid': 85737405441, 'twap_id': None, 'cloid': '0x006700a2191a00428a602fc65fd40000'}]"
SOL,B,2025-04-11T03:00:07.033795838,114.36,8.74,0x02cfd074b4b561a7d8a304214ff72002030e0018d3a33755c93f58293d0eee4d,Na,"[{'user': '0x7b7f72a28fe109fa703eeed7984f2a8a68fedee2', 'start_pos': '-2347.34', 'oid': 85737406643, 'twap_id': None, 'cloid': '0x0000000000000000554fca2296010000'}, {'user': '0x6802b4267f7f2bf7003dcf993c51542245b38329', 'start_pos': '139.65', 'oid': 85737405745, 'twap_id': None, 'cloid': '0x007d04972f9700d60b33d0e791be0000'}]"
SOL,B,2025-04-11T03:00:07.033795838,114.36,262.33,0x02cfd074b4b561a7d8a304214ff72002030e0018d3a33755c93f58293d0eee4d,Na,"[{'user': '0x7b7f72a28fe109fa703eeed7984f2a8a68fedee2', 'start_pos': '-2338.6', 'oid': 85737406643, 'twap_id': None, 'cloid': '0x0000000000000000554fca2296010000'}, {'user': '0x543356c584e7931233afe07ecd982cda5f0f3f3b', 'start_pos': '189.51', 'oid': 85737405927, 'twap_id': None, 'cloid': '0x0000000000000000000000000000397b'}]"
SOL,B,2025-04-11T03:00:07.033795838,114.36,87.44,0x02cfd074b4b561a7d8a304214ff72002030e0018d3a33755c93f58293d0eee4d,Na,"[{'user': '0x7b7f72a28fe109fa703eeed7984f2a8a68fedee2', 'start_pos': '-2076.27', 'oid': 85737406643, 'twap_id': None, 'cloid': '0x0000000000000000554fca2296010000'}, {'user': '0x6802b4267f7f2bf7003dcf993c51542245b38329', 'start_pos': '130.91', 'oid': 85737406336, 'twap_id': None, 'cloid': '0x007d04972f9700d66146d0e791be0000'}]"
SOL,B,2025-04-11T03:00:07.033795838,114.36,129.05,0x02cfd074b4b561a7d8a304214ff72002030e0018d3a33755c93f58293d0eee4d,Na,"[{'user': '0x7b7f72a28fe109fa703eeed7984f2a8a68fedee2', 'start_pos': '-1988.83', 'oid': 85737406643, 'twap_id': None, 'cloid': '0x0000000000000000554fca2296010000'}, {'user': '0x13b2e9091268f291f165196d4832ba1c5ac02938', 'start_pos': '0.0', 'oid': 85737406338, 'twap_id': None, 'cloid': '0x000e01fa5d1700aa00634612d6bf0000'}]"
SOL,B,2025-04-11T03:00:07.033795838,114.36,526.77,0x53e7cf18799fbc51f04d04214ff7200203170035c62b87672f95b996edba6b77,Na,"[{'user': '0x7b7f72a28fe109fa703eeed7984f2a8a68fedee2', 'start_pos': '-1859.78', 'oid': 85737406649, 'twap_id': None, 'cloid': '0x0000000000000000524fca2296010000'}, {'user': '0x13b2e9091268f291f165196d4832ba1c5ac02938', 'start_pos': '-129.05', 'oid': 85737406338, 'twap_id': None, 'cloid': '0x000e01fa5d1700aa00634612d6bf0000'}]"
SOL,B,2025-04-11T03:00:07.033795838,114.36,4.74,0x53e7cf18799fbc51f04d04214ff7200203170035c62b87672f95b996edba6b77,Na,"[{'user': '0x7b7f72a28fe109fa703eeed7984f2a8a68fedee2', 'start_pos': '-1333.01', 'oid': 85737406649, 'twap_id': None, 'cloid': '0x0000000000000000524fca2296010000'}, {'user': '0xef5fdcefdb38803a654ee9f3539bed8058443d99', 'start_pos': '-124.46', 'oid': 85737406628, 'twap_id': None, 'cloid': '0x00000000000000000002033133233546'}]"
JUP,A,2025-04-11T03:00:07.033795838,0.36623,48.0,0xf5974b442c996b6aa32604214ff72002031b00aec321167942a949538cd47ee5,Na,"[{'user': '0x0dd5db9c3748486e747c6a123727f472668cf6ee', 'start_pos': '-48.0', 'oid': 85737406294, 'twap_id': None, 'cloid': '0x00000000000010db000022ade1941c60'}, {'user': '0x9cdfd6cd017b5d4b4b1fd9fc91776834d44fb262', 'start_pos': '-1773.0', 'oid': 85737406653, 'twap_id': None, 'cloid': None}]"
JUP,A,2025-04-11T03:00:07.033795838,0.36609,18.0,0xf5974b442c996b6aa32604214ff72002031b00aec321167942a949538cd47ee5,Na,"[{'user': '0x0dd5db9c3748486e747c6a123727f472668cf6ee', 'start_pos': '0.0', 'oid': 85737404548, 'twap_id': None, 'cloid': '0x00000000000010da000022ade1941c60'}, {'user': '0x9cdfd6cd017b5d4b4b1fd9fc91776834d44fb262', 'start_pos': '-1821.0', 'oid': 85737406653, 'twap_id': None, 'cloid': None}]"
BTC,B,2025-04-11T03:00:07.033795838,80301.0,0.00014,0xcc8f0d5280031907c78604214ff72002031e00d82edb5890c1629efef34ca8f7,Na,"[{'user': '0xb3a38662575bdf1541013ce987934dba919851ea', 'start_pos': '0.00042', 'oid': 85737406654, 'twap_id': None, 'cloid': '0x00000000000000000ee893ac44fb44ad'}, {'user': '0xecb63caa47c7c4e77f60f1ce858cf28dc2b82b00', 'start_pos': '-601.19297', 'oid': 85737387497, 'twap_id': None, 'cloid': '0x90007d042adc5b34619be7798e8b9082'}]"
BTC,B,2025-04-11T03:00:07.033795838,80301.0,0.00019,0xca85dfb85a390b15e78b04214ff72002031f00ae7a68106df0a57db0d9412a73,Na,"[{'user': '0x162cc7c861ebd0c06b3d72319201150482518185', 'start_pos': '-60.19194', 'oid': 85737406655, 'twap_id': None, 'cloid': '0x00000000000000000b56a2121df4a9ce'}, {'user': '0xecb63caa47c7c4e77f60f1ce858cf28dc2b82b00', 'start_pos': '-601.19311', 'oid': 85737387497, 'twap_id': None, 'cloid': '0x90007d042adc5b34619be7798e8b9082'}]"
BTC,B,2025-04-11T03:00:07.033795838,80301.0,0.00014,0xa60100bb24f1fa87d0b204214ff720020320002241f4458b2bd235ce8ed546ef,Na,"[{'user': '0xb4321b142b2a03ce20fcab2007ff6990b9acba93', 'start_pos': '-0.00641', 'oid': 85737406656, 'twap_id': None, 'cloid': '0x0000000000000000de5c5df1b0a33daa'}, {'user': '0xecb63caa47c7c4e77f60f1ce858cf28dc2b82b00', 'start_pos': '-601.1933', 'oid': 85737387497, 'twap_id': None, 'cloid': '0x90007d042adc5b34619be7798e8b9082'}]"
SEI,B,2025-04-11T03:00:07.033795838,0.15101,177.0,0xc89b33d5bb9090c4f07a04214ff720020321008fb54e4d9384e16502e0721940,Na,"[{'user': '0x6f577a1b7e3915d4d8c49c951e2332912a62d8a1', 'start_pos': '-177.0', 'oid': 85737406657, 'twap_id': None, 'cloid': '0x000000000000000002578c94750f8920'}, {'user': '0x644f7170fae9d4d173d9217f03b7a77e22ed98f1', 'start_pos': '5059.0', 'oid': 85737405246, 'twap_id': None, 'cloid': '0x79daa082f40650b862f9af1e4c48e041'}]"
BTC,B,2025-04-11T03:00:07.033795838,80301.0,0.21667,0xa6daf10868e9216af90704214ff72002032300fe4d0854053811552139472935,Na,"[{'user': '0x162cc7c861ebd0c06b3d72319201150482518185', 'start_pos': '-60.19175', 'oid': 85737406658, 'twap_id': None, 'cloid': '0x00000000000000000b56a2121df49a3b'}, {'user': '0xecb63caa47c7c4e77f60f1ce858cf28dc2b82b00', 'start_pos': '-601.19344', 'oid': 85737387497, 'twap_id': None, 'cloid': '0x90007d042adc5b34619be7798e8b9082'}]"
TIA,B,2025-04-11T03:00:07.135627334,2.4938,405.4,0x3f44087da1eb1842b83e04214ff72102021900dd8404df78be5db410288d01e0,Na,"[{'user': '0x31ca8395cf837de08b24da3f660e77761dfb974b', 'start_pos': '20317.6', 'oid': 85737407149, 'twap_id': None, 'cloid': None}, {'user': '0xdfd50d93227ad4f896e1ed00c75aa422950a4a51', 'start_pos': '-1544.1', 'oid': 85737404679, 'twap_id': None, 'cloid': '0x000000000000000000000000042c941c'}]"
HYPE,B,2025-04-11T03:00:07.135627334,14.72,13.12,0x120dba12b85eb8132ae504214ff72102021d00cca5297dd45148f354749a1be0,Na,"[{'user': '0xd487e26c62ed8c28ce3cc70b5791e501c2934982', 'start_pos': '-113184.89', 'oid': 85737407151, 'twap_id': None, 'cloid': '0xdabecdec69883c19c34be9e377c1c7a3'}, {'user': '0xfeab8373147a9c01a2c10f10a688549a86eba37b', 'start_pos': '21.93', 'oid': 85737404913, 'twap_id': None, 'cloid': '0xaaaaaaaaaaaaaaaa1744340406019086'}]"
BTC,B,2025-04-11T03:00:07.135627334,80301.0,0.0001,0xa2496ea87f5dbe0211cd04214ff72102021e006747fb3a64bff91682dc47aa34,Na,"[{'user': '0xb4321b142b2a03ce20fcab2007ff6990b9acba93', 'start_pos': '-0.00627', 'oid': 85737407152, 'twap_id': None, 'cloid': '0x0000000000000000de5c5df1b0a33da2'}, {'user': '0xecb63caa47c7c4e77f60f1ce858cf28dc2b82b00', 'start_pos': '-601.41011', 'oid': 85737387497, 'twap_id': None, 'cloid': '0x90007d042adc5b34619be7798e8b9082'}]"
BTC,B,2025-04-11T03:00:07.135627334,80301.0,0.00009,0xa2496ea87f5dbe0211cd04214ff72102021e006747fb3a64bff91682dc47aa34,Na,"[{'user': '0xb4321b142b2a03ce20fcab2007ff6990b9acba93', 'start_pos': '-0.00617', 'oid': 85737407152, 'twap_id': None, 'cloid': '0x0000000000000000de5c5df1b0a33da2'}, {'user': '0x744cf47e88d9d0847544f0ac2fa7575cf5925f79', 'start_pos': '0.375', 'oid': 85737404941, 'twap_id': None, 'cloid': '0xfffffffffffffffffffff8b258bdf300'}]"
